%YAML 1.1
%TAG !u! tag:unity3d.com,2011:
--- !u!1 &8452468971660049222
GameObject:
  m_ObjectHideFlags: 0
  m_CorrespondingSourceObject: {fileID: 0}
  m_PrefabInstance: {fileID: 0}
  m_PrefabAsset: {fileID: 0}
  serializedVersion: 6
  m_Component:
  - component: {fileID: 7177897206450813092}
  m_Layer: 0
  m_Name: blue_crystal_grp
  m_TagString: Untagged
  m_Icon: {fileID: 0}
  m_NavMeshLayer: 0
  m_StaticEditorFlags: 0
  m_IsActive: 1
--- !u!4 &7177897206450813092
Transform:
  m_ObjectHideFlags: 0
  m_CorrespondingSourceObject: {fileID: 0}
  m_PrefabInstance: {fileID: 0}
  m_PrefabAsset: {fileID: 0}
  m_GameObject: {fileID: 8452468971660049222}
  m_LocalRotation: {x: 0.14758122, y: -0.6042348, z: -0.054042418, w: 0.7811527}
  m_LocalPosition: {x: -3.36, y: -1.42, z: 1.68}
  m_LocalScale: {x: 6.8619323, y: 6.861933, z: 6.861931}
  m_Children:
  - {fileID: 672564049989313564}
  - {fileID: 672564050834483362}
  - {fileID: 672564049782017574}
  - {fileID: 672564050351597609}
  m_Father: {fileID: 0}
  m_RootOrder: 0
  m_LocalEulerAnglesHint: {x: 0, y: 0, z: 0}
--- !u!1001 &4783002497150697195
PrefabInstance:
  m_ObjectHideFlags: 0
  serializedVersion: 2
  m_Modification:
    m_TransformParent: {fileID: 7177897206450813092}
    m_Modifications:
    - target: {fileID: 1680838981747250999, guid: d1f809ba474f84c49b10a410d632c3a9,
        type: 3}
      propertyPath: m_Name
      value: Crystal4 (1)
      objectReference: {fileID: 0}
    - target: {fileID: 5419464357710306039, guid: d1f809ba474f84c49b10a410d632c3a9,
        type: 3}
      propertyPath: m_LocalPosition.x
      value: 0
      objectReference: {fileID: 0}
    - target: {fileID: 5419464357710306039, guid: d1f809ba474f84c49b10a410d632c3a9,
        type: 3}
      propertyPath: m_LocalPosition.y
      value: 0
      objectReference: {fileID: 0}
    - target: {fileID: 5419464357710306039, guid: d1f809ba474f84c49b10a410d632c3a9,
        type: 3}
      propertyPath: m_LocalPosition.z
      value: 0
      objectReference: {fileID: 0}
    - target: {fileID: 5419464357710306039, guid: d1f809ba474f84c49b10a410d632c3a9,
        type: 3}
      propertyPath: m_LocalRotation.x
      value: -0
      objectReference: {fileID: 0}
    - target: {fileID: 5419464357710306039, guid: d1f809ba474f84c49b10a410d632c3a9,
        type: 3}
      propertyPath: m_LocalRotation.y
      value: 0.000000029802326
      objectReference: {fileID: 0}
    - target: {fileID: 5419464357710306039, guid: d1f809ba474f84c49b10a410d632c3a9,
        type: 3}
      propertyPath: m_LocalRotation.z
      value: -0
      objectReference: {fileID: 0}
    - target: {fileID: 5419464357710306039, guid: d1f809ba474f84c49b10a410d632c3a9,
        type: 3}
      propertyPath: m_LocalRotation.w
      value: 1
      objectReference: {fileID: 0}
    - target: {fileID: 5419464357710306039, guid: d1f809ba474f84c49b10a410d632c3a9,
        type: 3}
      propertyPath: m_RootOrder
      value: 0
      objectReference: {fileID: 0}
    - target: {fileID: 5419464357710306039, guid: d1f809ba474f84c49b10a410d632c3a9,
        type: 3}
      propertyPath: m_LocalEulerAnglesHint.x
      value: 9.512
      objectReference: {fileID: 0}
    - target: {fileID: 5419464357710306039, guid: d1f809ba474f84c49b10a410d632c3a9,
        type: 3}
      propertyPath: m_LocalEulerAnglesHint.y
      value: -76.739006
      objectReference: {fileID: 0}
    - target: {fileID: 5419464357710306039, guid: d1f809ba474f84c49b10a410d632c3a9,
        type: 3}
      propertyPath: m_LocalEulerAnglesHint.z
      value: -15.453001
      objectReference: {fileID: 0}
    - target: {fileID: 5419464357710306039, guid: d1f809ba474f84c49b10a410d632c3a9,
        type: 3}
      propertyPath: m_LocalScale.x
      value: 1
      objectReference: {fileID: 0}
    - target: {fileID: 5419464357710306039, guid: d1f809ba474f84c49b10a410d632c3a9,
        type: 3}
      propertyPath: m_LocalScale.y
      value: 1
      objectReference: {fileID: 0}
    - target: {fileID: 5419464357710306039, guid: d1f809ba474f84c49b10a410d632c3a9,
        type: 3}
      propertyPath: m_LocalScale.z
      value: 1
      objectReference: {fileID: 0}
    - target: {fileID: 3652652081673152336, guid: d1f809ba474f84c49b10a410d632c3a9,
        type: 3}
      propertyPath: m_Materials.Array.data[0]
      value: 
      objectReference: {fileID: 2100000, guid: 32130566c3ea54d4893a2003edea063e, type: 2}
    m_RemovedComponents: []
  m_SourcePrefab: {fileID: 100100000, guid: d1f809ba474f84c49b10a410d632c3a9, type: 3}
--- !u!4 &672564049989313564 stripped
Transform:
  m_CorrespondingSourceObject: {fileID: 5419464357710306039, guid: d1f809ba474f84c49b10a410d632c3a9,
    type: 3}
  m_PrefabInstance: {fileID: 4783002497150697195}
  m_PrefabAsset: {fileID: 0}
--- !u!1001 &4783002497508782814
PrefabInstance:
  m_ObjectHideFlags: 0
  serializedVersion: 2
  m_Modification:
    m_TransformParent: {fileID: 7177897206450813092}
    m_Modifications:
    - target: {fileID: 1680838981747250999, guid: d1f809ba474f84c49b10a410d632c3a9,
        type: 3}
      propertyPath: m_Name
      value: Crystal4 (4)
      objectReference: {fileID: 0}
    - target: {fileID: 5419464357710306039, guid: d1f809ba474f84c49b10a410d632c3a9,
        type: 3}
      propertyPath: m_LocalPosition.x
      value: 0.072192095
      objectReference: {fileID: 0}
    - target: {fileID: 5419464357710306039, guid: d1f809ba474f84c49b10a410d632c3a9,
        type: 3}
      propertyPath: m_LocalPosition.y
      value: 0.029761637
      objectReference: {fileID: 0}
    - target: {fileID: 5419464357710306039, guid: d1f809ba474f84c49b10a410d632c3a9,
        type: 3}
      propertyPath: m_LocalPosition.z
      value: 0.16222271
      objectReference: {fileID: 0}
    - target: {fileID: 5419464357710306039, guid: d1f809ba474f84c49b10a410d632c3a9,
        type: 3}
      propertyPath: m_LocalRotation.x
      value: 0.031496737
      objectReference: {fileID: 0}
    - target: {fileID: 5419464357710306039, guid: d1f809ba474f84c49b10a410d632c3a9,
        type: 3}
      propertyPath: m_LocalRotation.y
      value: -0.20980266
      objectReference: {fileID: 0}
    - target: {fileID: 5419464357710306039, guid: d1f809ba474f84c49b10a410d632c3a9,
        type: 3}
      propertyPath: m_LocalRotation.z
      value: 0.067658626
      objectReference: {fileID: 0}
    - target: {fileID: 5419464357710306039, guid: d1f809ba474f84c49b10a410d632c3a9,
        type: 3}
      propertyPath: m_LocalRotation.w
      value: 0.9748913
      objectReference: {fileID: 0}
    - target: {fileID: 5419464357710306039, guid: d1f809ba474f84c49b10a410d632c3a9,
        type: 3}
      propertyPath: m_RootOrder
      value: 3
      objectReference: {fileID: 0}
    - target: {fileID: 5419464357710306039, guid: d1f809ba474f84c49b10a410d632c3a9,
        type: 3}
      propertyPath: m_LocalEulerAnglesHint.x
      value: 7.4330006
      objectReference: {fileID: 0}
    - target: {fileID: 5419464357710306039, guid: d1f809ba474f84c49b10a410d632c3a9,
        type: 3}
      propertyPath: m_LocalEulerAnglesHint.y
      value: -101.422005
      objectReference: {fileID: 0}
    - target: {fileID: 5419464357710306039, guid: d1f809ba474f84c49b10a410d632c3a9,
        type: 3}
      propertyPath: m_LocalEulerAnglesHint.z
      value: -11.206
      objectReference: {fileID: 0}
    - target: {fileID: 5419464357710306039, guid: d1f809ba474f84c49b10a410d632c3a9,
        type: 3}
      propertyPath: m_LocalScale.x
      value: 0.21809839
      objectReference: {fileID: 0}
    - target: {fileID: 5419464357710306039, guid: d1f809ba474f84c49b10a410d632c3a9,
        type: 3}
      propertyPath: m_LocalScale.y
      value: 0.2579205
      objectReference: {fileID: 0}
    - target: {fileID: 5419464357710306039, guid: d1f809ba474f84c49b10a410d632c3a9,
        type: 3}
      propertyPath: m_LocalScale.z
      value: 0.2099128
      objectReference: {fileID: 0}
    m_RemovedComponents: []
  m_SourcePrefab: {fileID: 100100000, guid: d1f809ba474f84c49b10a410d632c3a9, type: 3}
--- !u!4 &672564050351597609 stripped
Transform:
  m_CorrespondingSourceObject: {fileID: 5419464357710306039, guid: d1f809ba474f84c49b10a410d632c3a9,
    type: 3}
  m_PrefabInstance: {fileID: 4783002497508782814}
  m_PrefabAsset: {fileID: 0}
--- !u!1001 &4783002497943999697
PrefabInstance:
  m_ObjectHideFlags: 0
  serializedVersion: 2
  m_Modification:
    m_TransformParent: {fileID: 7177897206450813092}
    m_Modifications:
    - target: {fileID: 1680838981747250999, guid: d1f809ba474f84c49b10a410d632c3a9,
        type: 3}
      propertyPath: m_Name
      value: Crystal4 (3)
      objectReference: {fileID: 0}
    - target: {fileID: 5419464357710306039, guid: d1f809ba474f84c49b10a410d632c3a9,
        type: 3}
      propertyPath: m_LocalPosition.x
      value: -0.11121408
      objectReference: {fileID: 0}
    - target: {fileID: 5419464357710306039, guid: d1f809ba474f84c49b10a410d632c3a9,
        type: 3}
      propertyPath: m_LocalPosition.y
      value: -0.053221125
      objectReference: {fileID: 0}
    - target: {fileID: 5419464357710306039, guid: d1f809ba474f84c49b10a410d632c3a9,
        type: 3}
      propertyPath: m_LocalPosition.z
      value: 0.12643771
      objectReference: {fileID: 0}
    - target: {fileID: 5419464357710306039, guid: d1f809ba474f84c49b10a410d632c3a9,
        type: 3}
      propertyPath: m_LocalRotation.x
      value: 0.120699376
      objectReference: {fileID: 0}
    - target: {fileID: 5419464357710306039, guid: d1f809ba474f84c49b10a410d632c3a9,
        type: 3}
      propertyPath: m_LocalRotation.y
      value: -0.7041819
      objectReference: {fileID: 0}
    - target: {fileID: 5419464357710306039, guid: d1f809ba474f84c49b10a410d632c3a9,
        type: 3}
      propertyPath: m_LocalRotation.z
      value: 0.036129512
      objectReference: {fileID: 0}
    - target: {fileID: 5419464357710306039, guid: d1f809ba474f84c49b10a410d632c3a9,
        type: 3}
      propertyPath: m_LocalRotation.w
      value: 0.6987519
      objectReference: {fileID: 0}
    - target: {fileID: 5419464357710306039, guid: d1f809ba474f84c49b10a410d632c3a9,
        type: 3}
      propertyPath: m_RootOrder
      value: 2
      objectReference: {fileID: 0}
    - target: {fileID: 5419464357710306039, guid: d1f809ba474f84c49b10a410d632c3a9,
        type: 3}
      propertyPath: m_LocalEulerAnglesHint.x
      value: -2.926
      objectReference: {fileID: 0}
    - target: {fileID: 5419464357710306039, guid: d1f809ba474f84c49b10a410d632c3a9,
        type: 3}
      propertyPath: m_LocalEulerAnglesHint.y
      value: -167.46301
      objectReference: {fileID: 0}
    - target: {fileID: 5419464357710306039, guid: d1f809ba474f84c49b10a410d632c3a9,
        type: 3}
      propertyPath: m_LocalEulerAnglesHint.z
      value: -16.231
      objectReference: {fileID: 0}
    - target: {fileID: 5419464357710306039, guid: d1f809ba474f84c49b10a410d632c3a9,
        type: 3}
      propertyPath: m_LocalScale.x
      value: 0.6058132
      objectReference: {fileID: 0}
    - target: {fileID: 5419464357710306039, guid: d1f809ba474f84c49b10a410d632c3a9,
        type: 3}
      propertyPath: m_LocalScale.y
      value: 0.6058132
      objectReference: {fileID: 0}
    - target: {fileID: 5419464357710306039, guid: d1f809ba474f84c49b10a410d632c3a9,
        type: 3}
      propertyPath: m_LocalScale.z
      value: 0.6058132
      objectReference: {fileID: 0}
    m_RemovedComponents: []
  m_SourcePrefab: {fileID: 100100000, guid: d1f809ba474f84c49b10a410d632c3a9, type: 3}
--- !u!4 &672564049782017574 stripped
Transform:
  m_CorrespondingSourceObject: {fileID: 5419464357710306039, guid: d1f809ba474f84c49b10a410d632c3a9,
    type: 3}
  m_PrefabInstance: {fileID: 4783002497943999697}
  m_PrefabAsset: {fileID: 0}
--- !u!1001 &4783002498998301269
PrefabInstance:
  m_ObjectHideFlags: 0
  serializedVersion: 2
  m_Modification:
    m_TransformParent: {fileID: 7177897206450813092}
    m_Modifications:
    - target: {fileID: 1680838981747250999, guid: d1f809ba474f84c49b10a410d632c3a9,
        type: 3}
      propertyPath: m_Name
      value: Crystal4 (2)
      objectReference: {fileID: 0}
    - target: {fileID: 5419464357710306039, guid: d1f809ba474f84c49b10a410d632c3a9,
        type: 3}
      propertyPath: m_LocalPosition.x
      value: 0.16723384
      objectReference: {fileID: 0}
    - target: {fileID: 5419464357710306039, guid: d1f809ba474f84c49b10a410d632c3a9,
        type: 3}
      propertyPath: m_LocalPosition.y
      value: 0.0050184308
      objectReference: {fileID: 0}
    - target: {fileID: 5419464357710306039, guid: d1f809ba474f84c49b10a410d632c3a9,
        type: 3}
      propertyPath: m_LocalPosition.z
      value: 0.08041029
      objectReference: {fileID: 0}
    - target: {fileID: 5419464357710306039, guid: d1f809ba474f84c49b10a410d632c3a9,
        type: 3}
      propertyPath: m_LocalRotation.x
      value: -0.01111263
      objectReference: {fileID: 0}
    - target: {fileID: 5419464357710306039, guid: d1f809ba474f84c49b10a410d632c3a9,
        type: 3}
      propertyPath: m_LocalRotation.y
      value: 0.272351
      objectReference: {fileID: 0}
    - target: {fileID: 5419464357710306039, guid: d1f809ba474f84c49b10a410d632c3a9,
        type: 3}
      propertyPath: m_LocalRotation.z
      value: -0.024804294
      objectReference: {fileID: 0}
    - target: {fileID: 5419464357710306039, guid: d1f809ba474f84c49b10a410d632c3a9,
        type: 3}
      propertyPath: m_LocalRotation.w
      value: 0.96181405
      objectReference: {fileID: 0}
    - target: {fileID: 5419464357710306039, guid: d1f809ba474f84c49b10a410d632c3a9,
        type: 3}
      propertyPath: m_RootOrder
      value: 1
      objectReference: {fileID: 0}
    - target: {fileID: 5419464357710306039, guid: d1f809ba474f84c49b10a410d632c3a9,
        type: 3}
      propertyPath: m_LocalEulerAnglesHint.x
      value: 15.726001
      objectReference: {fileID: 0}
    - target: {fileID: 5419464357710306039, guid: d1f809ba474f84c49b10a410d632c3a9,
        type: 3}
      propertyPath: m_LocalEulerAnglesHint.y
      value: -44.913002
      objectReference: {fileID: 0}
    - target: {fileID: 5419464357710306039, guid: d1f809ba474f84c49b10a410d632c3a9,
        type: 3}
      propertyPath: m_LocalEulerAnglesHint.z
      value: -11.269001
      objectReference: {fileID: 0}
    - target: {fileID: 5419464357710306039, guid: d1f809ba474f84c49b10a410d632c3a9,
        type: 3}
      propertyPath: m_LocalScale.x
      value: 0.40034902
      objectReference: {fileID: 0}
    - target: {fileID: 5419464357710306039, guid: d1f809ba474f84c49b10a410d632c3a9,
        type: 3}
      propertyPath: m_LocalScale.y
      value: 0.47344798
      objectReference: {fileID: 0}
    - target: {fileID: 5419464357710306039, guid: d1f809ba474f84c49b10a410d632c3a9,
        type: 3}
      propertyPath: m_LocalScale.z
      value: 0.23888601
      objectReference: {fileID: 0}
    m_RemovedComponents: []
  m_SourcePrefab: {fileID: 100100000, guid: d1f809ba474f84c49b10a410d632c3a9, type: 3}
--- !u!4 &672564050834483362 stripped
Transform:
  m_CorrespondingSourceObject: {fileID: 5419464357710306039, guid: d1f809ba474f84c49b10a410d632c3a9,
    type: 3}
  m_PrefabInstance: {fileID: 4783002498998301269}
  m_PrefabAsset: {fileID: 0}
