%YAML 1.1
%TAG !u! tag:unity3d.com,2011:
--- !u!1 &9158175129096788163
GameObject:
  m_ObjectHideFlags: 0
  m_CorrespondingSourceObject: {fileID: 0}
  m_PrefabInstance: {fileID: 0}
  m_PrefabAsset: {fileID: 0}
  serializedVersion: 6
  m_Component:
  - component: {fileID: 9158175129096788162}
  m_Layer: 10
  m_Name: star_creature_rig_03:head_2
  m_TagString: Untagged
  m_Icon: {fileID: 0}
  m_NavMeshLayer: 0
  m_StaticEditorFlags: 0
  m_IsActive: 1
--- !u!4 &9158175129096788162
Transform:
  m_ObjectHideFlags: 0
  m_CorrespondingSourceObject: {fileID: 0}
  m_PrefabInstance: {fileID: 0}
  m_PrefabAsset: {fileID: 0}
  m_GameObject: {fileID: 9158175129096788163}
  m_LocalRotation: {x: 0.0003006573, y: 0.0069506117, z: 0.043214776, w: 0.9990416}
  m_LocalPosition: {x: -0.20612754, y: 1.986995e-11, z: -3.3705728e-15}
  m_LocalScale: {x: 1, y: 1, z: 1}
  m_Children:
  - {fileID: 9158175130552113887}
  m_Father: {fileID: 9158175130666169525}
  m_RootOrder: 0
  m_LocalEulerAnglesHint: {x: 0, y: 0, z: 0}
--- !u!1 &9158175129257850021
GameObject:
  m_ObjectHideFlags: 0
  m_CorrespondingSourceObject: {fileID: 0}
  m_PrefabInstance: {fileID: 0}
  m_PrefabAsset: {fileID: 0}
  serializedVersion: 6
  m_Component:
  - component: {fileID: 9158175129257850020}
  m_Layer: 10
  m_Name: star_creature_rig_03:spine
  m_TagString: Untagged
  m_Icon: {fileID: 0}
  m_NavMeshLayer: 0
  m_StaticEditorFlags: 0
  m_IsActive: 1
--- !u!4 &9158175129257850020
Transform:
  m_ObjectHideFlags: 0
  m_CorrespondingSourceObject: {fileID: 0}
  m_PrefabInstance: {fileID: 0}
  m_PrefabAsset: {fileID: 0}
  m_GameObject: {fileID: 9158175129257850021}
  m_LocalRotation: {x: 0.011472289, y: 0.004523301, z: 0.2425948, w: 0.9700493}
  m_LocalPosition: {x: -0.06524479, y: 0, z: 0}
  m_LocalScale: {x: 1, y: 1, z: 1}
  m_Children:
  - {fileID: 9158175129519191826}
  - {fileID: 9158175129667356515}
  - {fileID: 9158175129460897638}
  m_Father: {fileID: 9158175129885736667}
  m_RootOrder: 2
  m_LocalEulerAnglesHint: {x: 0, y: 0, z: 0}
--- !u!1 &9158175129295007036
GameObject:
  m_ObjectHideFlags: 0
  m_CorrespondingSourceObject: {fileID: 0}
  m_PrefabInstance: {fileID: 0}
  m_PrefabAsset: {fileID: 0}
  serializedVersion: 6
  m_Component:
  - component: {fileID: 9158175129295007035}
  - component: {fileID: 9158175129295007033}
  - component: {fileID: 9158175129295007034}
  m_Layer: 10
  m_Name: gazebo
  m_TagString: Untagged
  m_Icon: {fileID: 0}
  m_NavMeshLayer: 0
  m_StaticEditorFlags: 0
  m_IsActive: 1
--- !u!4 &9158175129295007035
Transform:
  m_ObjectHideFlags: 0
  m_CorrespondingSourceObject: {fileID: 0}
  m_PrefabInstance: {fileID: 0}
  m_PrefabAsset: {fileID: 0}
  m_GameObject: {fileID: 9158175129295007036}
  m_LocalRotation: {x: 0.037230942, y: -0.006791071, z: 0.005438503, w: 0.99926883}
  m_LocalPosition: {x: 5.8523245, y: 1.0410936, z: 1.3663353}
  m_LocalScale: {x: 0.88, y: 0.88, z: 0.88}
  m_Children: []
  m_Father: {fileID: 9158175130084175757}
  m_RootOrder: 0
  m_LocalEulerAnglesHint: {x: 0, y: 0, z: 0}
--- !u!33 &9158175129295007033
MeshFilter:
  m_ObjectHideFlags: 0
  m_CorrespondingSourceObject: {fileID: 0}
  m_PrefabInstance: {fileID: 0}
  m_PrefabAsset: {fileID: 0}
  m_GameObject: {fileID: 9158175129295007036}
  m_Mesh: {fileID: 4300000, guid: e7a9699c42833974eba9a2450228a629, type: 3}
--- !u!23 &9158175129295007034
MeshRenderer:
  m_ObjectHideFlags: 0
  m_CorrespondingSourceObject: {fileID: 0}
  m_PrefabInstance: {fileID: 0}
  m_PrefabAsset: {fileID: 0}
  m_GameObject: {fileID: 9158175129295007036}
  m_Enabled: 1
  m_CastShadows: 1
  m_ReceiveShadows: 1
  m_DynamicOccludee: 1
  m_MotionVectors: 1
  m_LightProbeUsage: 1
  m_ReflectionProbeUsage: 1
  m_RenderingLayerMask: 1
  m_RendererPriority: 0
  m_Materials:
  - {fileID: 2100000, guid: 81efb89bf504e2c45a4fc338a22e8d73, type: 2}
  m_StaticBatchInfo:
    firstSubMesh: 0
    subMeshCount: 0
  m_StaticBatchRoot: {fileID: 0}
  m_ProbeAnchor: {fileID: 0}
  m_LightProbeVolumeOverride: {fileID: 0}
  m_ScaleInLightmap: 1
  m_PreserveUVs: 0
  m_IgnoreNormalsForChartDetection: 0
  m_ImportantGI: 0
  m_StitchLightmapSeams: 0
  m_SelectedEditorRenderState: 3
  m_MinimumChartSize: 4
  m_AutoUVMaxDistance: 0.5
  m_AutoUVMaxAngle: 89
  m_LightmapParameters: {fileID: 0}
  m_SortingLayerID: 0
  m_SortingLayer: 0
  m_SortingOrder: 0
--- !u!1 &9158175129460897639
GameObject:
  m_ObjectHideFlags: 0
  m_CorrespondingSourceObject: {fileID: 0}
  m_PrefabInstance: {fileID: 0}
  m_PrefabAsset: {fileID: 0}
  serializedVersion: 6
  m_Component:
  - component: {fileID: 9158175129460897638}
  m_Layer: 10
  m_Name: star_creature_rig_03:shoulder_r
  m_TagString: Untagged
  m_Icon: {fileID: 0}
  m_NavMeshLayer: 0
  m_StaticEditorFlags: 0
  m_IsActive: 1
--- !u!4 &9158175129460897638
Transform:
  m_ObjectHideFlags: 0
  m_CorrespondingSourceObject: {fileID: 0}
  m_PrefabInstance: {fileID: 0}
  m_PrefabAsset: {fileID: 0}
  m_GameObject: {fileID: 9158175129460897639}
  m_LocalRotation: {x: -0.58378047, y: -0.15508571, z: -0.33446026, w: 0.7233845}
  m_LocalPosition: {x: -0.09950189, y: 0, z: 0.054752864}
  m_LocalScale: {x: 1, y: 1, z: 1}
  m_Children:
  - {fileID: 9158175129880825431}
  m_Father: {fileID: 9158175129257850020}
  m_RootOrder: 2
  m_LocalEulerAnglesHint: {x: 0, y: 0, z: 0}
--- !u!1 &9158175129498113683
GameObject:
  m_ObjectHideFlags: 0
  m_CorrespondingSourceObject: {fileID: 0}
  m_PrefabInstance: {fileID: 0}
  m_PrefabAsset: {fileID: 0}
  serializedVersion: 6
  m_Component:
  - component: {fileID: 9158175129498113682}
  - component: {fileID: 9158175129498113681}
  m_Layer: 10
  m_Name: star_creature_rig_03:Arms
  m_TagString: Untagged
  m_Icon: {fileID: 0}
  m_NavMeshLayer: 0
  m_StaticEditorFlags: 0
  m_IsActive: 1
--- !u!4 &9158175129498113682
Transform:
  m_ObjectHideFlags: 0
  m_CorrespondingSourceObject: {fileID: 0}
  m_PrefabInstance: {fileID: 0}
  m_PrefabAsset: {fileID: 0}
  m_GameObject: {fileID: 9158175129498113683}
  m_LocalRotation: {x: 0, y: -0, z: -0, w: 1}
  m_LocalPosition: {x: -0, y: 0, z: 0}
  m_LocalScale: {x: 1, y: 1, z: 1}
  m_Children: []
  m_Father: {fileID: 9158175130266605688}
  m_RootOrder: 0
  m_LocalEulerAnglesHint: {x: 0, y: 0, z: 0}
--- !u!137 &9158175129498113681
SkinnedMeshRenderer:
  m_ObjectHideFlags: 0
  m_CorrespondingSourceObject: {fileID: 0}
  m_PrefabInstance: {fileID: 0}
  m_PrefabAsset: {fileID: 0}
  m_GameObject: {fileID: 9158175129498113683}
  m_Enabled: 1
  m_CastShadows: 1
  m_ReceiveShadows: 1
  m_DynamicOccludee: 1
  m_MotionVectors: 1
  m_LightProbeUsage: 1
  m_ReflectionProbeUsage: 1
  m_RenderingLayerMask: 1
  m_RendererPriority: 0
  m_Materials:
  - {fileID: 2100000, guid: 81efb89bf504e2c45a4fc338a22e8d73, type: 2}
  m_StaticBatchInfo:
    firstSubMesh: 0
    subMeshCount: 0
  m_StaticBatchRoot: {fileID: 0}
  m_ProbeAnchor: {fileID: 0}
  m_LightProbeVolumeOverride: {fileID: 0}
  m_ScaleInLightmap: 1
  m_PreserveUVs: 0
  m_IgnoreNormalsForChartDetection: 0
  m_ImportantGI: 0
  m_StitchLightmapSeams: 0
  m_SelectedEditorRenderState: 3
  m_MinimumChartSize: 4
  m_AutoUVMaxDistance: 0.5
  m_AutoUVMaxAngle: 89
  m_LightmapParameters: {fileID: 0}
  m_SortingLayerID: 0
  m_SortingLayer: 0
  m_SortingOrder: 0
  serializedVersion: 2
  m_Quality: 0
  m_UpdateWhenOffscreen: 0
  m_SkinnedMotionVectors: 1
  m_Mesh: {fileID: 4300006, guid: e7a9699c42833974eba9a2450228a629, type: 3}
  m_Bones:
  - {fileID: 9158175129460897638}
  - {fileID: 9158175129880825431}
  - {fileID: 9158175129667356515}
  - {fileID: 9158175130751079845}
  m_BlendShapeWeights: []
  m_RootBone: {fileID: 9158175129667356515}
  m_AABB:
    m_Center: {x: -0.035735145, y: -0.08325691, z: 0.022404138}
    m_Extent: {x: 0.13675414, y: 0.14729467, z: 0.08139476}
  m_DirtyAABB: 0
--- !u!1 &9158175129519191827
GameObject:
  m_ObjectHideFlags: 0
  m_CorrespondingSourceObject: {fileID: 0}
  m_PrefabInstance: {fileID: 0}
  m_PrefabAsset: {fileID: 0}
  serializedVersion: 6
  m_Component:
  - component: {fileID: 9158175129519191826}
  m_Layer: 10
  m_Name: star_creature_rig_03:neck
  m_TagString: Untagged
  m_Icon: {fileID: 0}
  m_NavMeshLayer: 0
  m_StaticEditorFlags: 0
  m_IsActive: 1
--- !u!4 &9158175129519191826
Transform:
  m_ObjectHideFlags: 0
  m_CorrespondingSourceObject: {fileID: 0}
  m_PrefabInstance: {fileID: 0}
  m_PrefabAsset: {fileID: 0}
  m_GameObject: {fileID: 9158175129519191827}
  m_LocalRotation: {x: -0.00059839623, y: -0.0031787087, z: 0.1850008, w: 0.9827331}
  m_LocalPosition: {x: -0.101309866, y: -4.393615e-20, z: -3.0142574e-17}
  m_LocalScale: {x: 1, y: 1, z: 1}
  m_Children:
  - {fileID: 9158175130666169525}
  m_Father: {fileID: 9158175129257850020}
  m_RootOrder: 0
  m_LocalEulerAnglesHint: {x: 0, y: 0, z: 0}
--- !u!1 &9158175129584866180
GameObject:
  m_ObjectHideFlags: 0
  m_CorrespondingSourceObject: {fileID: 0}
  m_PrefabInstance: {fileID: 0}
  m_PrefabAsset: {fileID: 0}
  serializedVersion: 6
  m_Component:
  - component: {fileID: 9158175129584866179}
  m_Layer: 10
  m_Name: star_creature_rig_03:arm_end
  m_TagString: Untagged
  m_Icon: {fileID: 0}
  m_NavMeshLayer: 0
  m_StaticEditorFlags: 0
  m_IsActive: 1
--- !u!4 &9158175129584866179
Transform:
  m_ObjectHideFlags: 0
  m_CorrespondingSourceObject: {fileID: 0}
  m_PrefabInstance: {fileID: 0}
  m_PrefabAsset: {fileID: 0}
  m_GameObject: {fileID: 9158175129584866180}
  m_LocalRotation: {x: 0, y: -0, z: -0.38917968, w: 0.9211619}
  m_LocalPosition: {x: -0.09688261, y: 6.8389737e-16, z: 0}
  m_LocalScale: {x: 1, y: 1, z: 1}
  m_Children: []
  m_Father: {fileID: 9158175130751079845}
  m_RootOrder: 0
  m_LocalEulerAnglesHint: {x: 0, y: 0, z: 0}
--- !u!1 &9158175129667356516
GameObject:
  m_ObjectHideFlags: 0
  m_CorrespondingSourceObject: {fileID: 0}
  m_PrefabInstance: {fileID: 0}
  m_PrefabAsset: {fileID: 0}
  serializedVersion: 6
  m_Component:
  - component: {fileID: 9158175129667356515}
  m_Layer: 10
  m_Name: star_creature_rig_03:shoulder_l
  m_TagString: Untagged
  m_Icon: {fileID: 0}
  m_NavMeshLayer: 0
  m_StaticEditorFlags: 0
  m_IsActive: 1
--- !u!4 &9158175129667356515
Transform:
  m_ObjectHideFlags: 0
  m_CorrespondingSourceObject: {fileID: 0}
  m_PrefabInstance: {fileID: 0}
  m_PrefabAsset: {fileID: 0}
  m_GameObject: {fileID: 9158175129667356516}
  m_LocalRotation: {x: 0.067761496, y: -0.58997786, z: 0.7515669, w: 0.2871963}
  m_LocalPosition: {x: -0.098793186, y: 0, z: -0.05472493}
  m_LocalScale: {x: 1, y: 1, z: 1}
  m_Children:
  - {fileID: 9158175130751079845}
  m_Father: {fileID: 9158175129257850020}
  m_RootOrder: 1
  m_LocalEulerAnglesHint: {x: 0, y: 0, z: 0}
--- !u!1 &9158175129789873413
GameObject:
  m_ObjectHideFlags: 0
  m_CorrespondingSourceObject: {fileID: 0}
  m_PrefabInstance: {fileID: 0}
  m_PrefabAsset: {fileID: 0}
  serializedVersion: 6
  m_Component:
  - component: {fileID: 9158175129789873412}
  m_Layer: 10
  m_Name: star_creature_rig_03:knee_end 1
  m_TagString: Untagged
  m_Icon: {fileID: 0}
  m_NavMeshLayer: 0
  m_StaticEditorFlags: 0
  m_IsActive: 1
--- !u!4 &9158175129789873412
Transform:
  m_ObjectHideFlags: 0
  m_CorrespondingSourceObject: {fileID: 0}
  m_PrefabInstance: {fileID: 0}
  m_PrefabAsset: {fileID: 0}
  m_GameObject: {fileID: 9158175129789873413}
  m_LocalRotation: {x: 0.504766, y: 0.4951882, z: -0.4951882, w: 0.504766}
  m_LocalPosition: {x: 0.04748166, y: -3.9155484e-19, z: -0.000000004215816}
  m_LocalScale: {x: 1, y: 1, z: 1}
  m_Children: []
  m_Father: {fileID: 9158175130548092996}
  m_RootOrder: 0
  m_LocalEulerAnglesHint: {x: 0, y: 0, z: 0}
--- !u!1 &9158175129880825432
GameObject:
  m_ObjectHideFlags: 0
  m_CorrespondingSourceObject: {fileID: 0}
  m_PrefabInstance: {fileID: 0}
  m_PrefabAsset: {fileID: 0}
  serializedVersion: 6
  m_Component:
  - component: {fileID: 9158175129880825431}
  m_Layer: 10
  m_Name: star_creature_rig_03:arm_r
  m_TagString: Untagged
  m_Icon: {fileID: 0}
  m_NavMeshLayer: 0
  m_StaticEditorFlags: 0
  m_IsActive: 1
--- !u!4 &9158175129880825431
Transform:
  m_ObjectHideFlags: 0
  m_CorrespondingSourceObject: {fileID: 0}
  m_PrefabInstance: {fileID: 0}
  m_PrefabAsset: {fileID: 0}
  m_GameObject: {fileID: 9158175129880825432}
  m_LocalRotation: {x: 0.06455356, y: 0.27386892, z: 0.35533068, w: 0.8913859}
  m_LocalPosition: {x: 0.08615297, y: -0.00000021545404, z: 0}
  m_LocalScale: {x: 1, y: 1, z: 1}
  m_Children:
  - {fileID: 9158175130545772575}
  m_Father: {fileID: 9158175129460897638}
  m_RootOrder: 0
  m_LocalEulerAnglesHint: {x: 0, y: 0, z: 0}
--- !u!1 &9158175129885736668
GameObject:
  m_ObjectHideFlags: 0
  m_CorrespondingSourceObject: {fileID: 0}
  m_PrefabInstance: {fileID: 0}
  m_PrefabAsset: {fileID: 0}
  serializedVersion: 6
  m_Component:
  - component: {fileID: 9158175129885736667}
  m_Layer: 10
  m_Name: star_creature_rig_03:hip
  m_TagString: Untagged
  m_Icon: {fileID: 0}
  m_NavMeshLayer: 0
  m_StaticEditorFlags: 0
  m_IsActive: 1
--- !u!4 &9158175129885736667
Transform:
  m_ObjectHideFlags: 0
  m_CorrespondingSourceObject: {fileID: 0}
  m_PrefabInstance: {fileID: 0}
  m_PrefabAsset: {fileID: 0}
  m_GameObject: {fileID: 9158175129885736668}
  m_LocalRotation: {x: 0.73377913, y: -0.4156195, z: 0.4630582, w: -0.27277413}
  m_LocalPosition: {x: 5.6843524, y: 0.7045124, z: 1.035987}
  m_LocalScale: {x: 1, y: 1, z: 1}
  m_Children:
  - {fileID: 9158175130458875788}
  - {fileID: 9158175130084715336}
  - {fileID: 9158175129257850020}
  - {fileID: 8779597329983007413}
  m_Father: {fileID: 9158175130084175757}
  m_RootOrder: 1
  m_LocalEulerAnglesHint: {x: 0, y: 0, z: 0}
--- !u!1 &9158175130084175759
GameObject:
  m_ObjectHideFlags: 0
  m_CorrespondingSourceObject: {fileID: 0}
  m_PrefabInstance: {fileID: 0}
  m_PrefabAsset: {fileID: 0}
  serializedVersion: 6
  m_Component:
  - component: {fileID: 9158175130084175757}
  - component: {fileID: 9158175130084175758}
  - component: {fileID: 9158175130084175756}
  - component: {fileID: 9158175130084175755}
  - component: {fileID: 1105504343474167476}
  m_Layer: 10
  m_Name: star_creature_1_animation
  m_TagString: Untagged
  m_Icon: {fileID: 0}
  m_NavMeshLayer: 0
  m_StaticEditorFlags: 0
  m_IsActive: 1
--- !u!4 &9158175130084175757
Transform:
  m_ObjectHideFlags: 0
  m_CorrespondingSourceObject: {fileID: 0}
  m_PrefabInstance: {fileID: 0}
  m_PrefabAsset: {fileID: 0}
  m_GameObject: {fileID: 9158175130084175759}
  m_LocalRotation: {x: 0, y: 0, z: 0, w: 1}
  m_LocalPosition: {x: 0, y: 0, z: 0}
  m_LocalScale: {x: 1, y: 1, z: 1}
  m_Children:
  - {fileID: 9158175129295007035}
  - {fileID: 9158175129885736667}
  - {fileID: 9158175130266605688}
  m_Father: {fileID: 0}
  m_RootOrder: 0
  m_LocalEulerAnglesHint: {x: 0, y: 0, z: 0}
--- !u!95 &9158175130084175758
Animator:
  serializedVersion: 3
  m_ObjectHideFlags: 0
  m_CorrespondingSourceObject: {fileID: 0}
  m_PrefabInstance: {fileID: 0}
  m_PrefabAsset: {fileID: 0}
  m_GameObject: {fileID: 9158175130084175759}
  m_Enabled: 1
  m_Avatar: {fileID: 9000000, guid: e7a9699c42833974eba9a2450228a629, type: 3}
  m_Controller: {fileID: 9100000, guid: 64134f7e71a48754ba09d591c7ec993d, type: 2}
  m_CullingMode: 1
  m_UpdateMode: 0
  m_ApplyRootMotion: 0
  m_LinearVelocityBlending: 0
  m_WarningMessage: 
  m_HasTransformHierarchy: 1
  m_AllowConstantClipSamplingOptimization: 1
  m_KeepAnimatorControllerStateOnDisable: 0
--- !u!114 &9158175130084175756
MonoBehaviour:
  m_ObjectHideFlags: 0
  m_CorrespondingSourceObject: {fileID: 0}
  m_PrefabInstance: {fileID: 0}
  m_PrefabAsset: {fileID: 0}
  m_GameObject: {fileID: 9158175130084175759}
  m_Enabled: 1
  m_EditorHideFlags: 0
  m_Script: {fileID: 11500000, guid: 52043a1396b09ca40b07d3a476b1a749, type: 3}
  m_Name: 
  m_EditorClassIdentifier: 
  animator: {fileID: 9158175130084175758}
  particles: {fileID: 0}
  customParticlesTrigger: 0
  particlesDelay: 0
--- !u!114 &9158175130084175755
MonoBehaviour:
  m_ObjectHideFlags: 0
  m_CorrespondingSourceObject: {fileID: 0}
  m_PrefabInstance: {fileID: 0}
  m_PrefabAsset: {fileID: 0}
  m_GameObject: {fileID: 9158175130084175759}
  m_Enabled: 1
  m_EditorHideFlags: 0
  m_Script: {fileID: 11500000, guid: b62dc8bac0690a44eaf69c645d0f81b7, type: 3}
  m_Name: 
  m_EditorClassIdentifier: 
  sticker: {fileID: 11400000, guid: adaefdce1d662b34d896c724f05a34a7, type: 2}
  stickerSpawnTransform: {fileID: 9158175130930956775}
  customTriggerTime: 0
--- !u!114 &1105504343474167476
MonoBehaviour:
  m_ObjectHideFlags: 0
  m_CorrespondingSourceObject: {fileID: 0}
  m_PrefabInstance: {fileID: 0}
  m_PrefabAsset: {fileID: 0}
  m_GameObject: {fileID: 9158175130084175759}
  m_Enabled: 1
  m_EditorHideFlags: 0
  m_Script: {fileID: 11500000, guid: 09bd002600ff9d0408150433fa754ad9, type: 3}
  m_Name: 
  m_EditorClassIdentifier: 
  idleAudioSource: {fileID: 0}
  interactAudioSource: {fileID: 4126291055120220713}
  customIdleSoundTime: 0
  customInteractSoundTime: 0
  minIdleRandomDelay: 0
  maxIdleRandomDelay: 0
--- !u!1 &9158175130084715337
GameObject:
  m_ObjectHideFlags: 0
  m_CorrespondingSourceObject: {fileID: 0}
  m_PrefabInstance: {fileID: 0}
  m_PrefabAsset: {fileID: 0}
  serializedVersion: 6
  m_Component:
  - component: {fileID: 9158175130084715336}
  m_Layer: 10
  m_Name: star_creature_rig_03:leg_r
  m_TagString: Untagged
  m_Icon: {fileID: 0}
  m_NavMeshLayer: 0
  m_StaticEditorFlags: 0
  m_IsActive: 1
--- !u!4 &9158175130084715336
Transform:
  m_ObjectHideFlags: 0
  m_CorrespondingSourceObject: {fileID: 0}
  m_PrefabInstance: {fileID: 0}
  m_PrefabAsset: {fileID: 0}
  m_GameObject: {fileID: 9158175130084715337}
  m_LocalRotation: {x: 0.8835091, y: -0.4367053, z: -0.14644335, w: -0.08517409}
  m_LocalPosition: {x: 0.025698895, y: 0, z: 0.055998903}
  m_LocalScale: {x: 1, y: 1, z: 1}
  m_Children:
  - {fileID: 9158175130548092996}
  m_Father: {fileID: 9158175129885736667}
  m_RootOrder: 1
  m_LocalEulerAnglesHint: {x: 0, y: 0, z: 0}
--- !u!1 &9158175130212776264
GameObject:
  m_ObjectHideFlags: 0
  m_CorrespondingSourceObject: {fileID: 0}
  m_PrefabInstance: {fileID: 0}
  m_PrefabAsset: {fileID: 0}
  serializedVersion: 6
  m_Component:
  - component: {fileID: 9158175130212776263}
  m_Layer: 10
  m_Name: star_creature_rig_03:head_end
  m_TagString: Untagged
  m_Icon: {fileID: 0}
  m_NavMeshLayer: 0
  m_StaticEditorFlags: 0
  m_IsActive: 1
--- !u!4 &9158175130212776263
Transform:
  m_ObjectHideFlags: 0
  m_CorrespondingSourceObject: {fileID: 0}
  m_PrefabInstance: {fileID: 0}
  m_PrefabAsset: {fileID: 0}
  m_GameObject: {fileID: 9158175130212776264}
  m_LocalRotation: {x: 0.4614967, y: -0.53574324, z: 0.45263508, w: 0.54325086}
  m_LocalPosition: {x: -0.13190885, y: -5.871638e-17, z: -2.0860205e-17}
  m_LocalScale: {x: 1, y: 1, z: 1}
  m_Children: []
  m_Father: {fileID: 9158175130552113887}
  m_RootOrder: 0
  m_LocalEulerAnglesHint: {x: 0, y: 0, z: 0}
--- !u!1 &9158175130266605689
GameObject:
  m_ObjectHideFlags: 0
  m_CorrespondingSourceObject: {fileID: 0}
  m_PrefabInstance: {fileID: 0}
  m_PrefabAsset: {fileID: 0}
  serializedVersion: 6
  m_Component:
  - component: {fileID: 9158175130266605688}
  - component: {fileID: 9158175130266605687}
  m_Layer: 10
  m_Name: star_creature_rig_03:Star_Creature
  m_TagString: Untagged
  m_Icon: {fileID: 0}
  m_NavMeshLayer: 0
  m_StaticEditorFlags: 0
  m_IsActive: 1
--- !u!4 &9158175130266605688
Transform:
  m_ObjectHideFlags: 0
  m_CorrespondingSourceObject: {fileID: 0}
  m_PrefabInstance: {fileID: 0}
  m_PrefabAsset: {fileID: 0}
  m_GameObject: {fileID: 9158175130266605689}
  m_LocalRotation: {x: 0, y: -0, z: -0, w: 1}
  m_LocalPosition: {x: -0, y: 0, z: 0}
  m_LocalScale: {x: 1, y: 1, z: 1}
  m_Children:
  - {fileID: 9158175129498113682}
  - {fileID: 9158175130930956775}
  m_Father: {fileID: 9158175130084175757}
  m_RootOrder: 2
  m_LocalEulerAnglesHint: {x: 0, y: 0, z: 0}
--- !u!137 &9158175130266605687
SkinnedMeshRenderer:
  m_ObjectHideFlags: 0
  m_CorrespondingSourceObject: {fileID: 0}
  m_PrefabInstance: {fileID: 0}
  m_PrefabAsset: {fileID: 0}
  m_GameObject: {fileID: 9158175130266605689}
  m_Enabled: 1
  m_CastShadows: 1
  m_ReceiveShadows: 1
  m_DynamicOccludee: 1
  m_MotionVectors: 1
  m_LightProbeUsage: 1
  m_ReflectionProbeUsage: 1
  m_RenderingLayerMask: 1
  m_RendererPriority: 0
  m_Materials:
  - {fileID: 2100000, guid: 81efb89bf504e2c45a4fc338a22e8d73, type: 2}
  m_StaticBatchInfo:
    firstSubMesh: 0
    subMeshCount: 0
  m_StaticBatchRoot: {fileID: 0}
  m_ProbeAnchor: {fileID: 0}
  m_LightProbeVolumeOverride: {fileID: 0}
  m_ScaleInLightmap: 1
  m_PreserveUVs: 0
  m_IgnoreNormalsForChartDetection: 0
  m_ImportantGI: 0
  m_StitchLightmapSeams: 0
  m_SelectedEditorRenderState: 3
  m_MinimumChartSize: 4
  m_AutoUVMaxDistance: 0.5
  m_AutoUVMaxAngle: 89
  m_LightmapParameters: {fileID: 0}
  m_SortingLayerID: 0
  m_SortingLayer: 0
  m_SortingOrder: 0
  serializedVersion: 2
  m_Quality: 0
  m_UpdateWhenOffscreen: 0
  m_SkinnedMotionVectors: 1
  m_Mesh: {fileID: 4300002, guid: e7a9699c42833974eba9a2450228a629, type: 3}
  m_Bones:
  - {fileID: 9158175129257850020}
  - {fileID: 9158175129519191826}
  - {fileID: 9158175130666169525}
  - {fileID: 9158175129667356515}
  - {fileID: 9158175130751079845}
  - {fileID: 9158175129460897638}
  - {fileID: 9158175129880825431}
  - {fileID: 9158175130458875788}
  - {fileID: 9158175130682945099}
  - {fileID: 9158175130084715336}
  - {fileID: 9158175130548092996}
  - {fileID: 9158175129885736667}
  m_BlendShapeWeights: []
  m_RootBone: {fileID: 9158175129885736667}
  m_AABB:
    m_Center: {x: -0.057982966, y: -0.023744754, z: 0.003314741}
    m_Extent: {x: 0.18310286, y: 0.10998847, z: 0.10237324}
  m_DirtyAABB: 0
--- !u!1 &9158175130458875789
GameObject:
  m_ObjectHideFlags: 0
  m_CorrespondingSourceObject: {fileID: 0}
  m_PrefabInstance: {fileID: 0}
  m_PrefabAsset: {fileID: 0}
  serializedVersion: 6
  m_Component:
  - component: {fileID: 9158175130458875788}
  m_Layer: 10
  m_Name: star_creature_rig_03:leg_l
  m_TagString: Untagged
  m_Icon: {fileID: 0}
  m_NavMeshLayer: 0
  m_StaticEditorFlags: 0
  m_IsActive: 1
--- !u!4 &9158175130458875788
Transform:
  m_ObjectHideFlags: 0
  m_CorrespondingSourceObject: {fileID: 0}
  m_PrefabInstance: {fileID: 0}
  m_PrefabAsset: {fileID: 0}
  m_GameObject: {fileID: 9158175130458875789}
  m_LocalRotation: {x: 0.35972723, y: 0.93101966, z: -0.04296962, w: 0.044185158}
  m_LocalPosition: {x: 0.025698861, y: 0, z: -0.055998914}
  m_LocalScale: {x: 1, y: 1, z: 1}
  m_Children:
  - {fileID: 9158175130682945099}
  m_Father: {fileID: 9158175129885736667}
  m_RootOrder: 0
  m_LocalEulerAnglesHint: {x: 0, y: 0, z: 0}
--- !u!1 &9158175130545772576
GameObject:
  m_ObjectHideFlags: 0
  m_CorrespondingSourceObject: {fileID: 0}
  m_PrefabInstance: {fileID: 0}
  m_PrefabAsset: {fileID: 0}
  serializedVersion: 6
  m_Component:
  - component: {fileID: 9158175130545772575}
  m_Layer: 10
  m_Name: star_creature_rig_03:arm_end 1
  m_TagString: Untagged
  m_Icon: {fileID: 0}
  m_NavMeshLayer: 0
  m_StaticEditorFlags: 0
  m_IsActive: 1
--- !u!4 &9158175130545772575
Transform:
  m_ObjectHideFlags: 0
  m_CorrespondingSourceObject: {fileID: 0}
  m_PrefabInstance: {fileID: 0}
  m_PrefabAsset: {fileID: 0}
  m_GameObject: {fileID: 9158175130545772576}
  m_LocalRotation: {x: 0, y: -0, z: -0.38917968, w: 0.9211619}
  m_LocalPosition: {x: 0.09688324, y: 0.00000029570882, z: 2.9087098e-17}
  m_LocalScale: {x: 1, y: 1, z: 1}
  m_Children: []
  m_Father: {fileID: 9158175129880825431}
  m_RootOrder: 0
  m_LocalEulerAnglesHint: {x: 0, y: 0, z: 0}
--- !u!1 &9158175130548092997
GameObject:
  m_ObjectHideFlags: 0
  m_CorrespondingSourceObject: {fileID: 0}
  m_PrefabInstance: {fileID: 0}
  m_PrefabAsset: {fileID: 0}
  serializedVersion: 6
  m_Component:
  - component: {fileID: 9158175130548092996}
  m_Layer: 10
  m_Name: star_creature_rig_03:knee_r
  m_TagString: Untagged
  m_Icon: {fileID: 0}
  m_NavMeshLayer: 0
  m_StaticEditorFlags: 0
  m_IsActive: 1
--- !u!4 &9158175130548092996
Transform:
  m_ObjectHideFlags: 0
  m_CorrespondingSourceObject: {fileID: 0}
  m_PrefabInstance: {fileID: 0}
  m_PrefabAsset: {fileID: 0}
  m_GameObject: {fileID: 9158175130548092997}
  m_LocalRotation: {x: 0.002394516, y: -0.0039307927, z: -0.5202362, w: 0.85401005}
  m_LocalPosition: {x: 0.038299803, y: 0, z: -0.000000014309102}
  m_LocalScale: {x: 1, y: 1, z: 1}
  m_Children:
  - {fileID: 9158175129789873412}
  m_Father: {fileID: 9158175130084715336}
  m_RootOrder: 0
  m_LocalEulerAnglesHint: {x: 0, y: 0, z: 0}
--- !u!1 &9158175130552113888
GameObject:
  m_ObjectHideFlags: 0
  m_CorrespondingSourceObject: {fileID: 0}
  m_PrefabInstance: {fileID: 0}
  m_PrefabAsset: {fileID: 0}
  serializedVersion: 6
  m_Component:
  - component: {fileID: 9158175130552113887}
  m_Layer: 10
  m_Name: star_creature_rig_03:head_3
  m_TagString: Untagged
  m_Icon: {fileID: 0}
  m_NavMeshLayer: 0
  m_StaticEditorFlags: 0
  m_IsActive: 1
--- !u!4 &9158175130552113887
Transform:
  m_ObjectHideFlags: 0
  m_CorrespondingSourceObject: {fileID: 0}
  m_PrefabInstance: {fileID: 0}
  m_PrefabAsset: {fileID: 0}
  m_GameObject: {fileID: 9158175130552113888}
  m_LocalRotation: {x: -0.0019026147, y: -0.015049472, z: 0.039283663, w: 0.99911296}
  m_LocalPosition: {x: -0.10689208, y: 0, z: 0}
  m_LocalScale: {x: 1, y: 1, z: 1}
  m_Children:
  - {fileID: 9158175130212776263}
  m_Father: {fileID: 9158175129096788162}
  m_RootOrder: 0
  m_LocalEulerAnglesHint: {x: 0, y: 0, z: 0}
--- !u!1 &9158175130666169526
GameObject:
  m_ObjectHideFlags: 0
  m_CorrespondingSourceObject: {fileID: 0}
  m_PrefabInstance: {fileID: 0}
  m_PrefabAsset: {fileID: 0}
  serializedVersion: 6
  m_Component:
  - component: {fileID: 9158175130666169525}
  m_Layer: 10
  m_Name: star_creature_rig_03:head
  m_TagString: Untagged
  m_Icon: {fileID: 0}
  m_NavMeshLayer: 0
  m_StaticEditorFlags: 0
  m_IsActive: 1
--- !u!4 &9158175130666169525
Transform:
  m_ObjectHideFlags: 0
  m_CorrespondingSourceObject: {fileID: 0}
  m_PrefabInstance: {fileID: 0}
  m_PrefabAsset: {fileID: 0}
  m_GameObject: {fileID: 9158175130666169526}
  m_LocalRotation: {x: 0.0015961725, y: 0.048905004, z: -0.061915085, w: 0.9968813}
  m_LocalPosition: {x: -0.039568976, y: 3.814306e-12, z: 0}
  m_LocalScale: {x: 1, y: 1, z: 1}
  m_Children:
  - {fileID: 9158175129096788162}
  m_Father: {fileID: 9158175129519191826}
  m_RootOrder: 0
  m_LocalEulerAnglesHint: {x: 0, y: 0, z: 0}
--- !u!1 &9158175130682945100
GameObject:
  m_ObjectHideFlags: 0
  m_CorrespondingSourceObject: {fileID: 0}
  m_PrefabInstance: {fileID: 0}
  m_PrefabAsset: {fileID: 0}
  serializedVersion: 6
  m_Component:
  - component: {fileID: 9158175130682945099}
  m_Layer: 10
  m_Name: star_creature_rig_03:knee_l
  m_TagString: Untagged
  m_Icon: {fileID: 0}
  m_NavMeshLayer: 0
  m_StaticEditorFlags: 0
  m_IsActive: 1
--- !u!4 &9158175130682945099
Transform:
  m_ObjectHideFlags: 0
  m_CorrespondingSourceObject: {fileID: 0}
  m_PrefabInstance: {fileID: 0}
  m_PrefabAsset: {fileID: 0}
  m_GameObject: {fileID: 9158175130682945100}
  m_LocalRotation: {x: 0.0021597026, y: -0.004064545, z: -0.46922028, w: 0.8830692}
  m_LocalPosition: {x: -0.038299855, y: 0, z: 0}
  m_LocalScale: {x: 1, y: 1, z: 1}
  m_Children:
  - {fileID: 9158175131076917627}
  m_Father: {fileID: 9158175130458875788}
  m_RootOrder: 0
  m_LocalEulerAnglesHint: {x: 0, y: 0, z: 0}
--- !u!1 &9158175130751079846
GameObject:
  m_ObjectHideFlags: 0
  m_CorrespondingSourceObject: {fileID: 0}
  m_PrefabInstance: {fileID: 0}
  m_PrefabAsset: {fileID: 0}
  serializedVersion: 6
  m_Component:
  - component: {fileID: 9158175130751079845}
  m_Layer: 10
  m_Name: star_creature_rig_03:arm_l
  m_TagString: Untagged
  m_Icon: {fileID: 0}
  m_NavMeshLayer: 0
  m_StaticEditorFlags: 0
  m_IsActive: 1
--- !u!4 &9158175130751079845
Transform:
  m_ObjectHideFlags: 0
  m_CorrespondingSourceObject: {fileID: 0}
  m_PrefabInstance: {fileID: 0}
  m_PrefabAsset: {fileID: 0}
  m_GameObject: {fileID: 9158175130751079846}
  m_LocalRotation: {x: 0.0853337, y: 0.25207585, z: 0.2962547, w: 0.91728354}
  m_LocalPosition: {x: -0.08615274, y: 0, z: 0}
  m_LocalScale: {x: 1, y: 1, z: 1}
  m_Children:
  - {fileID: 9158175129584866179}
  m_Father: {fileID: 9158175129667356515}
  m_RootOrder: 0
  m_LocalEulerAnglesHint: {x: 0, y: 0, z: 0}
--- !u!1 &9158175130930956776
GameObject:
  m_ObjectHideFlags: 0
  m_CorrespondingSourceObject: {fileID: 0}
  m_PrefabInstance: {fileID: 0}
  m_PrefabAsset: {fileID: 0}
  serializedVersion: 6
  m_Component:
  - component: {fileID: 9158175130930956775}
  - component: {fileID: 9158175130930956774}
  - component: {fileID: 2066579355}
  m_Layer: 10
  m_Name: star_creature_rig_03:Head
  m_TagString: Untagged
  m_Icon: {fileID: 0}
  m_NavMeshLayer: 0
  m_StaticEditorFlags: 0
  m_IsActive: 1
--- !u!4 &9158175130930956775
Transform:
  m_ObjectHideFlags: 0
  m_CorrespondingSourceObject: {fileID: 0}
  m_PrefabInstance: {fileID: 0}
  m_PrefabAsset: {fileID: 0}
  m_GameObject: {fileID: 9158175130930956776}
  m_LocalRotation: {x: 0, y: -0, z: -0, w: 1}
  m_LocalPosition: {x: -0, y: 0, z: 0}
  m_LocalScale: {x: 1, y: 1, z: 1}
  m_Children: []
  m_Father: {fileID: 9158175130266605688}
  m_RootOrder: 1
  m_LocalEulerAnglesHint: {x: 0, y: 0, z: 0}
--- !u!137 &9158175130930956774
SkinnedMeshRenderer:
  m_ObjectHideFlags: 0
  m_CorrespondingSourceObject: {fileID: 0}
  m_PrefabInstance: {fileID: 0}
  m_PrefabAsset: {fileID: 0}
  m_GameObject: {fileID: 9158175130930956776}
  m_Enabled: 1
  m_CastShadows: 1
  m_ReceiveShadows: 1
  m_DynamicOccludee: 1
  m_MotionVectors: 1
  m_LightProbeUsage: 1
  m_ReflectionProbeUsage: 1
  m_RenderingLayerMask: 1
  m_RendererPriority: 0
  m_Materials:
  - {fileID: 2100000, guid: 81efb89bf504e2c45a4fc338a22e8d73, type: 2}
  - {fileID: 2100000, guid: 86c23f01659ae7740bc3bc179c6f536e, type: 2}
  m_StaticBatchInfo:
    firstSubMesh: 0
    subMeshCount: 0
  m_StaticBatchRoot: {fileID: 0}
  m_ProbeAnchor: {fileID: 0}
  m_LightProbeVolumeOverride: {fileID: 0}
  m_ScaleInLightmap: 1
  m_PreserveUVs: 0
  m_IgnoreNormalsForChartDetection: 0
  m_ImportantGI: 0
  m_StitchLightmapSeams: 0
  m_SelectedEditorRenderState: 3
  m_MinimumChartSize: 4
  m_AutoUVMaxDistance: 0.5
  m_AutoUVMaxAngle: 89
  m_LightmapParameters: {fileID: 0}
  m_SortingLayerID: 0
  m_SortingLayer: 0
  m_SortingOrder: 0
  serializedVersion: 2
  m_Quality: 0
  m_UpdateWhenOffscreen: 0
  m_SkinnedMotionVectors: 1
  m_Mesh: {fileID: 4300004, guid: e7a9699c42833974eba9a2450228a629, type: 3}
  m_Bones:
  - {fileID: 9158175129257850020}
  - {fileID: 9158175129519191826}
  - {fileID: 9158175130666169525}
  - {fileID: 9158175129096788162}
  - {fileID: 9158175130552113887}
  - {fileID: 9158175129667356515}
  - {fileID: 9158175130751079845}
  - {fileID: 9158175129460897638}
  - {fileID: 9158175129880825431}
  m_BlendShapeWeights: []
  m_RootBone: {fileID: 9158175129257850020}
  m_AABB:
    m_Center: {x: -0.2934612, y: -0.051001772, z: 0.006915778}
    m_Extent: {x: 0.2806663, y: 0.15203197, z: 0.30170488}
  m_DirtyAABB: 0
--- !u!135 &2066579355
SphereCollider:
  m_ObjectHideFlags: 0
  m_CorrespondingSourceObject: {fileID: 0}
  m_PrefabInstance: {fileID: 0}
  m_PrefabAsset: {fileID: 0}
  m_GameObject: {fileID: 9158175130930956776}
  m_Material: {fileID: 0}
  m_IsTrigger: 0
  m_Enabled: 1
  serializedVersion: 2
  m_Radius: 0.92
  m_Center: {x: 5.688115, y: 1.0561142, z: 1.0412354}
--- !u!1 &9158175131076917628
GameObject:
  m_ObjectHideFlags: 0
  m_CorrespondingSourceObject: {fileID: 0}
  m_PrefabInstance: {fileID: 0}
  m_PrefabAsset: {fileID: 0}
  serializedVersion: 6
  m_Component:
  - component: {fileID: 9158175131076917627}
  m_Layer: 10
  m_Name: star_creature_rig_03:knee_end
  m_TagString: Untagged
  m_Icon: {fileID: 0}
  m_NavMeshLayer: 0
  m_StaticEditorFlags: 0
  m_IsActive: 1
--- !u!4 &9158175131076917627
Transform:
  m_ObjectHideFlags: 0
  m_CorrespondingSourceObject: {fileID: 0}
  m_PrefabInstance: {fileID: 0}
  m_PrefabAsset: {fileID: 0}
  m_GameObject: {fileID: 9158175131076917628}
  m_LocalRotation: {x: 0.504766, y: 0.4951882, z: -0.4951882, w: 0.504766}
  m_LocalPosition: {x: -0.047481637, y: 4.1183756e-20, z: -1.0824674e-16}
  m_LocalScale: {x: 1, y: 1, z: 1}
  m_Children: []
  m_Father: {fileID: 9158175130682945099}
  m_RootOrder: 0
  m_LocalEulerAnglesHint: {x: 0, y: 0, z: 0}
--- !u!1001 &1323090399499973237
PrefabInstance:
  m_ObjectHideFlags: 0
  serializedVersion: 2
  m_Modification:
    m_TransformParent: {fileID: 9158175129885736667}
    m_Modifications:
    - target: {fileID: 4315761567560306457, guid: e13b29446d351d5469870b3bdb3630f6,
        type: 3}
      propertyPath: m_Name
      value: InteractableItemAudioSources
      objectReference: {fileID: 0}
    - target: {fileID: 3107211541141581916, guid: e13b29446d351d5469870b3bdb3630f6,
        type: 3}
      propertyPath: m_audioClip
      value: 
      objectReference: {fileID: 8300000, guid: be5317349c717e440884c699bdb8877b, type: 3}
    - target: {fileID: 3107211541141581916, guid: e13b29446d351d5469870b3bdb3630f6,
        type: 3}
      propertyPath: m_Volume
      value: 0.9
      objectReference: {fileID: 0}
    - target: {fileID: 7749545917773387968, guid: e13b29446d351d5469870b3bdb3630f6,
        type: 3}
      propertyPath: m_LocalPosition.x
      value: 0
      objectReference: {fileID: 0}
    - target: {fileID: 7749545917773387968, guid: e13b29446d351d5469870b3bdb3630f6,
        type: 3}
      propertyPath: m_LocalPosition.y
      value: 0
      objectReference: {fileID: 0}
    - target: {fileID: 7749545917773387968, guid: e13b29446d351d5469870b3bdb3630f6,
        type: 3}
      propertyPath: m_LocalPosition.z
      value: 0
      objectReference: {fileID: 0}
    - target: {fileID: 7749545917773387968, guid: e13b29446d351d5469870b3bdb3630f6,
        type: 3}
      propertyPath: m_LocalRotation.x
      value: 0
      objectReference: {fileID: 0}
    - target: {fileID: 7749545917773387968, guid: e13b29446d351d5469870b3bdb3630f6,
        type: 3}
      propertyPath: m_LocalRotation.y
      value: 0
      objectReference: {fileID: 0}
    - target: {fileID: 7749545917773387968, guid: e13b29446d351d5469870b3bdb3630f6,
        type: 3}
      propertyPath: m_LocalRotation.z
      value: 0
      objectReference: {fileID: 0}
    - target: {fileID: 7749545917773387968, guid: e13b29446d351d5469870b3bdb3630f6,
        type: 3}
      propertyPath: m_LocalRotation.w
      value: 1
      objectReference: {fileID: 0}
    - target: {fileID: 7749545917773387968, guid: e13b29446d351d5469870b3bdb3630f6,
        type: 3}
      propertyPath: m_RootOrder
      value: 3
      objectReference: {fileID: 0}
    - target: {fileID: 7749545917773387968, guid: e13b29446d351d5469870b3bdb3630f6,
        type: 3}
      propertyPath: m_LocalEulerAnglesHint.x
      value: 0
      objectReference: {fileID: 0}
    - target: {fileID: 7749545917773387968, guid: e13b29446d351d5469870b3bdb3630f6,
        type: 3}
      propertyPath: m_LocalEulerAnglesHint.y
      value: 0
      objectReference: {fileID: 0}
    - target: {fileID: 7749545917773387968, guid: e13b29446d351d5469870b3bdb3630f6,
        type: 3}
      propertyPath: m_LocalEulerAnglesHint.z
      value: 0
      objectReference: {fileID: 0}
    m_RemovedComponents: []
  m_SourcePrefab: {fileID: 100100000, guid: e13b29446d351d5469870b3bdb3630f6, type: 3}
--- !u!4 &8779597329983007413 stripped
Transform:
  m_CorrespondingSourceObject: {fileID: 7749545917773387968, guid: e13b29446d351d5469870b3bdb3630f6,
    type: 3}
  m_PrefabInstance: {fileID: 1323090399499973237}
  m_PrefabAsset: {fileID: 0}
--- !u!82 &4126291055120220713 stripped
AudioSource:
  m_CorrespondingSourceObject: {fileID: 3107211541141581916, guid: e13b29446d351d5469870b3bdb3630f6,
    type: 3}
  m_PrefabInstance: {fileID: 1323090399499973237}
  m_PrefabAsset: {fileID: 0}
