%YAML 1.1
%TAG !u! tag:unity3d.com,2011:
--- !u!1 &184845614
GameObject:
  m_ObjectHideFlags: 0
  m_CorrespondingSourceObject: {fileID: 0}
  m_PrefabInstance: {fileID: 0}
  m_PrefabAsset: {fileID: 0}
  serializedVersion: 6
  m_Component:
  - component: {fileID: 184845615}
  m_Layer: 10
  m_Name: foot_l
  m_TagString: Untagged
  m_Icon: {fileID: 0}
  m_NavMeshLayer: 0
  m_StaticEditorFlags: 0
  m_IsActive: 1
--- !u!4 &184845615
Transform:
  m_ObjectHideFlags: 0
  m_CorrespondingSourceObject: {fileID: 0}
  m_PrefabInstance: {fileID: 0}
  m_PrefabAsset: {fileID: 0}
  m_GameObject: {fileID: 184845614}
  m_LocalRotation: {x: 0, y: 0, z: 0.5886503, w: 0.8083879}
  m_LocalPosition: {x: -0.05080875, y: 0, z: 0}
  m_LocalScale: {x: 1, y: 1, z: 1}
  m_Children:
  - {fileID: 675915094}
  m_Father: {fileID: 350683387}
  m_RootOrder: 0
  m_LocalEulerAnglesHint: {x: 0, y: 0, z: 72.12257}
--- !u!1 &242037455
GameObject:
  m_ObjectHideFlags: 0
  m_CorrespondingSourceObject: {fileID: 0}
  m_PrefabInstance: {fileID: 0}
  m_PrefabAsset: {fileID: 0}
  serializedVersion: 6
  m_Component:
  - component: {fileID: 242037456}
  m_Layer: 10
  m_Name: thigh_r
  m_TagString: Untagged
  m_Icon: {fileID: 0}
  m_NavMeshLayer: 0
  m_StaticEditorFlags: 0
  m_IsActive: 1
--- !u!4 &242037456
Transform:
  m_ObjectHideFlags: 0
  m_CorrespondingSourceObject: {fileID: 0}
  m_PrefabInstance: {fileID: 0}
  m_PrefabAsset: {fileID: 0}
  m_GameObject: {fileID: 242037455}
  m_LocalRotation: {x: -0.021388588, y: 0.03699368, z: 0.27924162, w: 0.9592696}
  m_LocalPosition: {x: 0.01958665, y: -0.0012140296, z: -0.044270795}
  m_LocalScale: {x: 1, y: 1, z: 1}
  m_Children:
  - {fileID: 1079012126}
  m_Father: {fileID: 1976798843}
  m_RootOrder: 2
  m_LocalEulerAnglesHint: {x: -3.5371203, y: 3.3905258, z: 32.35564}
--- !u!1 &350683386
GameObject:
  m_ObjectHideFlags: 0
  m_CorrespondingSourceObject: {fileID: 0}
  m_PrefabInstance: {fileID: 0}
  m_PrefabAsset: {fileID: 0}
  serializedVersion: 6
  m_Component:
  - component: {fileID: 350683387}
  m_Layer: 10
  m_Name: leg_l
  m_TagString: Untagged
  m_Icon: {fileID: 0}
  m_NavMeshLayer: 0
  m_StaticEditorFlags: 0
  m_IsActive: 1
--- !u!4 &350683387
Transform:
  m_ObjectHideFlags: 0
  m_CorrespondingSourceObject: {fileID: 0}
  m_PrefabInstance: {fileID: 0}
  m_PrefabAsset: {fileID: 0}
  m_GameObject: {fileID: 350683386}
  m_LocalRotation: {x: 0, y: -0, z: -0.24479079, w: 0.96957594}
  m_LocalPosition: {x: -0.042707592, y: 0, z: 0}
  m_LocalScale: {x: 1, y: 1, z: 1}
  m_Children:
  - {fileID: 184845615}
  m_Father: {fileID: 370763232}
  m_RootOrder: 0
  m_LocalEulerAnglesHint: {x: 0, y: 0, z: -28.33894}
--- !u!1 &369766244
GameObject:
  m_ObjectHideFlags: 0
  m_CorrespondingSourceObject: {fileID: 0}
  m_PrefabInstance: {fileID: 0}
  m_PrefabAsset: {fileID: 0}
  serializedVersion: 6
  m_Component:
  - component: {fileID: 369766245}
  - component: {fileID: 369766247}
  m_Layer: 10
  m_Name: Astronaut_geo
  m_TagString: Untagged
  m_Icon: {fileID: 0}
  m_NavMeshLayer: 0
  m_StaticEditorFlags: 0
  m_IsActive: 1
--- !u!4 &369766245
Transform:
  m_ObjectHideFlags: 0
  m_CorrespondingSourceObject: {fileID: 0}
  m_PrefabInstance: {fileID: 0}
  m_PrefabAsset: {fileID: 0}
  m_GameObject: {fileID: 369766244}
  m_LocalRotation: {x: 0, y: -0, z: -0, w: 1}
  m_LocalPosition: {x: -0, y: 0, z: 0}
  m_LocalScale: {x: 1, y: 1, z: 1}
  m_Children: []
  m_Father: {fileID: 1179954731}
  m_RootOrder: 0
  m_LocalEulerAnglesHint: {x: 0, y: 0, z: 0}
--- !u!137 &369766247
SkinnedMeshRenderer:
  m_ObjectHideFlags: 0
  m_CorrespondingSourceObject: {fileID: 0}
  m_PrefabInstance: {fileID: 0}
  m_PrefabAsset: {fileID: 0}
  m_GameObject: {fileID: 369766244}
  m_Enabled: 1
  m_CastShadows: 1
  m_ReceiveShadows: 1
  m_DynamicOccludee: 1
  m_MotionVectors: 1
  m_LightProbeUsage: 1
  m_ReflectionProbeUsage: 1
  m_RenderingLayerMask: 1
  m_RendererPriority: 0
  m_Materials:
  - {fileID: 2100000, guid: 81efb89bf504e2c45a4fc338a22e8d73, type: 2}
  m_StaticBatchInfo:
    firstSubMesh: 0
    subMeshCount: 0
  m_StaticBatchRoot: {fileID: 0}
  m_ProbeAnchor: {fileID: 0}
  m_LightProbeVolumeOverride: {fileID: 0}
  m_ScaleInLightmap: 1
  m_PreserveUVs: 0
  m_IgnoreNormalsForChartDetection: 0
  m_ImportantGI: 0
  m_StitchLightmapSeams: 0
  m_SelectedEditorRenderState: 3
  m_MinimumChartSize: 4
  m_AutoUVMaxDistance: 0.5
  m_AutoUVMaxAngle: 89
  m_LightmapParameters: {fileID: 0}
  m_SortingLayerID: 0
  m_SortingLayer: 0
  m_SortingOrder: 0
  serializedVersion: 2
  m_Quality: 0
  m_UpdateWhenOffscreen: 0
  m_SkinnedMotionVectors: 1
  m_Mesh: {fileID: 4300000, guid: c6810476a3943e94b98c944e919ee740, type: 3}
  m_Bones:
  - {fileID: 511497195}
  - {fileID: 1079012126}
  - {fileID: 242037456}
  - {fileID: 184845615}
  - {fileID: 350683387}
  - {fileID: 370763232}
  - {fileID: 1078603561}
  - {fileID: 2039402955}
  - {fileID: 878876293}
  - {fileID: 1022776568}
  - {fileID: 1058051419}
  - {fileID: 1289034603}
  - {fileID: 1605297593}
  - {fileID: 749270891}
  - {fileID: 1533414734}
  - {fileID: 1976798843}
  - {fileID: 402737876}
  - {fileID: 775737031}
  m_BlendShapeWeights: []
  m_RootBone: {fileID: 1976798843}
  m_AABB:
    m_Center: {x: -0.086092815, y: 0.06828152, z: -0.007894166}
    m_Extent: {x: 0.23385318, y: 0.18064204, z: 0.20794475}
  m_DirtyAABB: 0
--- !u!1 &370763231
GameObject:
  m_ObjectHideFlags: 0
  m_CorrespondingSourceObject: {fileID: 0}
  m_PrefabInstance: {fileID: 0}
  m_PrefabAsset: {fileID: 0}
  serializedVersion: 6
  m_Component:
  - component: {fileID: 370763232}
  m_Layer: 10
  m_Name: thigh_l
  m_TagString: Untagged
  m_Icon: {fileID: 0}
  m_NavMeshLayer: 0
  m_StaticEditorFlags: 0
  m_IsActive: 1
--- !u!4 &370763232
Transform:
  m_ObjectHideFlags: 0
  m_CorrespondingSourceObject: {fileID: 0}
  m_PrefabInstance: {fileID: 0}
  m_PrefabAsset: {fileID: 0}
  m_GameObject: {fileID: 370763231}
  m_LocalRotation: {x: -0.09179955, y: -0.035675857, z: 0.9689426, w: -0.22682665}
  m_LocalPosition: {x: 0.0195868, y: -0.0012140305, z: 0.04427078}
  m_LocalScale: {x: 1, y: 1, z: 1}
  m_Children:
  - {fileID: 350683387}
  m_Father: {fileID: 1976798843}
  m_RootOrder: 1
  m_LocalEulerAnglesHint: {x: 6.360332, y: -9.364465, z: -154.17043}
--- !u!1 &402737875
GameObject:
  m_ObjectHideFlags: 0
  m_CorrespondingSourceObject: {fileID: 0}
  m_PrefabInstance: {fileID: 0}
  m_PrefabAsset: {fileID: 0}
  serializedVersion: 6
  m_Component:
  - component: {fileID: 402737876}
  m_Layer: 10
  m_Name: end_head
  m_TagString: Untagged
  m_Icon: {fileID: 0}
  m_NavMeshLayer: 0
  m_StaticEditorFlags: 0
  m_IsActive: 1
--- !u!4 &402737876
Transform:
  m_ObjectHideFlags: 0
  m_CorrespondingSourceObject: {fileID: 0}
  m_PrefabInstance: {fileID: 0}
  m_PrefabAsset: {fileID: 0}
  m_GameObject: {fileID: 402737875}
  m_LocalRotation: {x: -0.5, y: 0.5, z: 0.5, w: 0.5}
  m_LocalPosition: {x: -0.15382008, y: 1.17666874e-32, z: -3.415492e-17}
  m_LocalScale: {x: 1, y: 1, z: 1}
  m_Children: []
  m_Father: {fileID: 775737031}
  m_RootOrder: 0
  m_LocalEulerAnglesHint: {x: 0, y: 0, z: 0}
--- !u!1 &511497194
GameObject:
  m_ObjectHideFlags: 0
  m_CorrespondingSourceObject: {fileID: 0}
  m_PrefabInstance: {fileID: 0}
  m_PrefabAsset: {fileID: 0}
  serializedVersion: 6
  m_Component:
  - component: {fileID: 511497195}
  m_Layer: 10
  m_Name: foot_r
  m_TagString: Untagged
  m_Icon: {fileID: 0}
  m_NavMeshLayer: 0
  m_StaticEditorFlags: 0
  m_IsActive: 1
--- !u!4 &511497195
Transform:
  m_ObjectHideFlags: 0
  m_CorrespondingSourceObject: {fileID: 0}
  m_PrefabInstance: {fileID: 0}
  m_PrefabAsset: {fileID: 0}
  m_GameObject: {fileID: 511497194}
  m_LocalRotation: {x: 0, y: 0, z: 0.47427854, w: 0.88037485}
  m_LocalPosition: {x: 0.050809003, y: -0.0000000053756475, z: 0}
  m_LocalScale: {x: 1, y: 1, z: 1}
  m_Children:
  - {fileID: 1983243362}
  m_Father: {fileID: 1079012126}
  m_RootOrder: 0
  m_LocalEulerAnglesHint: {x: 0, y: 0, z: 56.624767}
--- !u!1 &675915093
GameObject:
  m_ObjectHideFlags: 0
  m_CorrespondingSourceObject: {fileID: 0}
  m_PrefabInstance: {fileID: 0}
  m_PrefabAsset: {fileID: 0}
  serializedVersion: 6
  m_Component:
  - component: {fileID: 675915094}
  m_Layer: 10
  m_Name: end_foot_l
  m_TagString: Untagged
  m_Icon: {fileID: 0}
  m_NavMeshLayer: 0
  m_StaticEditorFlags: 0
  m_IsActive: 1
--- !u!4 &675915094
Transform:
  m_ObjectHideFlags: 0
  m_CorrespondingSourceObject: {fileID: 0}
  m_PrefabInstance: {fileID: 0}
  m_PrefabAsset: {fileID: 0}
  m_GameObject: {fileID: 675915093}
  m_LocalRotation: {x: 0.70343095, y: 0.072006166, z: -0.70343095, w: 0.072006166}
  m_LocalPosition: {x: -0.05882561, y: 1.21240425e-17, z: 1.0371444e-17}
  m_LocalScale: {x: 1, y: 1, z: 1}
  m_Children: []
  m_Father: {fileID: 184845615}
  m_RootOrder: 0
  m_LocalEulerAnglesHint: {x: 0, y: 0, z: 0}
--- !u!1 &749270890
GameObject:
  m_ObjectHideFlags: 0
  m_CorrespondingSourceObject: {fileID: 0}
  m_PrefabInstance: {fileID: 0}
  m_PrefabAsset: {fileID: 0}
  serializedVersion: 6
  m_Component:
  - component: {fileID: 749270891}
  m_Layer: 10
  m_Name: shoulder_l
  m_TagString: Untagged
  m_Icon: {fileID: 0}
  m_NavMeshLayer: 0
  m_StaticEditorFlags: 0
  m_IsActive: 1
--- !u!4 &749270891
Transform:
  m_ObjectHideFlags: 0
  m_CorrespondingSourceObject: {fileID: 0}
  m_PrefabInstance: {fileID: 0}
  m_PrefabAsset: {fileID: 0}
  m_GameObject: {fileID: 749270890}
  m_LocalRotation: {x: 0.830337, y: -0.021446174, z: 0.55668366, w: 0.013560354}
  m_LocalPosition: {x: -0.07722499, y: 0.007556262, z: 0.06706091}
  m_LocalScale: {x: 1, y: 1, z: 1}
  m_Children:
  - {fileID: 1605297593}
  m_Father: {fileID: 1533414734}
  m_RootOrder: 1
  m_LocalEulerAnglesHint: {x: 2.659295, y: 112.34906, z: -178.82307}
--- !u!1 &775737030
GameObject:
  m_ObjectHideFlags: 0
  m_CorrespondingSourceObject: {fileID: 0}
  m_PrefabInstance: {fileID: 0}
  m_PrefabAsset: {fileID: 0}
  serializedVersion: 6
  m_Component:
  - component: {fileID: 775737031}
  m_Layer: 10
  m_Name: head
  m_TagString: Untagged
  m_Icon: {fileID: 0}
  m_NavMeshLayer: 0
  m_StaticEditorFlags: 0
  m_IsActive: 1
--- !u!4 &775737031
Transform:
  m_ObjectHideFlags: 0
  m_CorrespondingSourceObject: {fileID: 0}
  m_PrefabInstance: {fileID: 0}
  m_PrefabAsset: {fileID: 0}
  m_GameObject: {fileID: 775737030}
  m_LocalRotation: {x: -0.002690927, y: -0.029599322, z: -0.08158113, w: 0.9962235}
  m_LocalPosition: {x: -0.11574425, y: 0.005720136, z: -0.0014522694}
  m_LocalScale: {x: 1, y: 1, z: 1}
  m_Children:
  - {fileID: 402737876}
  m_Father: {fileID: 1533414734}
  m_RootOrder: 0
  m_LocalEulerAnglesHint: {x: -0.5839125, y: -3.3559592, z: -9.345949}
--- !u!1 &878876292
GameObject:
  m_ObjectHideFlags: 0
  m_CorrespondingSourceObject: {fileID: 0}
  m_PrefabInstance: {fileID: 0}
  m_PrefabAsset: {fileID: 0}
  serializedVersion: 6
  m_Component:
  - component: {fileID: 878876293}
  m_Layer: 10
  m_Name: arm_r
  m_TagString: Untagged
  m_Icon: {fileID: 0}
  m_NavMeshLayer: 0
  m_StaticEditorFlags: 0
  m_IsActive: 1
--- !u!4 &878876293
Transform:
  m_ObjectHideFlags: 0
  m_CorrespondingSourceObject: {fileID: 0}
  m_PrefabInstance: {fileID: 0}
  m_PrefabAsset: {fileID: 0}
  m_GameObject: {fileID: 878876292}
  m_LocalRotation: {x: -0.002565491, y: 0.006129991, z: -0.46577412, w: 0.88487875}
  m_LocalPosition: {x: -0.060219232, y: -0.00082149304, z: 0.00068409217}
  m_LocalScale: {x: 1, y: 1, z: 1}
  m_Children:
  - {fileID: 2039402955}
  m_Father: {fileID: 1022776568}
  m_RootOrder: 0
  m_LocalEulerAnglesHint: {x: 0.06704093, y: 0.7585314, z: -55.52155}
--- !u!1 &1022776567
GameObject:
  m_ObjectHideFlags: 0
  m_CorrespondingSourceObject: {fileID: 0}
  m_PrefabInstance: {fileID: 0}
  m_PrefabAsset: {fileID: 0}
  serializedVersion: 6
  m_Component:
  - component: {fileID: 1022776568}
  m_Layer: 10
  m_Name: shoulder_r
  m_TagString: Untagged
  m_Icon: {fileID: 0}
  m_NavMeshLayer: 0
  m_StaticEditorFlags: 0
  m_IsActive: 1
--- !u!4 &1022776568
Transform:
  m_ObjectHideFlags: 0
  m_CorrespondingSourceObject: {fileID: 0}
  m_PrefabInstance: {fileID: 0}
  m_PrefabAsset: {fileID: 0}
  m_GameObject: {fileID: 1022776567}
  m_LocalRotation: {x: -0.020336693, y: -0.79475814, z: -0.015055585, w: 0.6063986}
  m_LocalPosition: {x: -0.07864694, y: 0.0076967743, z: -0.069095664}
  m_LocalScale: {x: 1, y: 1, z: 1}
  m_Children:
  - {fileID: 878876293}
  m_Father: {fileID: 1533414734}
  m_RootOrder: 2
  m_LocalEulerAnglesHint: {x: -2.7854073, y: -105.33252, z: 0.80691016}
--- !u!1 &1058051418
GameObject:
  m_ObjectHideFlags: 0
  m_CorrespondingSourceObject: {fileID: 0}
  m_PrefabInstance: {fileID: 0}
  m_PrefabAsset: {fileID: 0}
  serializedVersion: 6
  m_Component:
  - component: {fileID: 1058051419}
  m_Layer: 10
  m_Name: palm_l
  m_TagString: Untagged
  m_Icon: {fileID: 0}
  m_NavMeshLayer: 0
  m_StaticEditorFlags: 0
  m_IsActive: 1
--- !u!4 &1058051419
Transform:
  m_ObjectHideFlags: 0
  m_CorrespondingSourceObject: {fileID: 0}
  m_PrefabInstance: {fileID: 0}
  m_PrefabAsset: {fileID: 0}
  m_GameObject: {fileID: 1058051418}
  m_LocalRotation: {x: -0.00007351916, y: 0.0037256384, z: -0.018015308, w: 0.9998308}
  m_LocalPosition: {x: 0.031570762, y: 0.000000007298062, z: 0.00000022569698}
  m_LocalScale: {x: 1, y: 1, z: 1}
  m_Children: []
  m_Father: {fileID: 1289034603}
  m_RootOrder: 0
  m_LocalEulerAnglesHint: {x: 0, y: 0, z: 0}
--- !u!1 &1078603560
GameObject:
  m_ObjectHideFlags: 0
  m_CorrespondingSourceObject: {fileID: 0}
  m_PrefabInstance: {fileID: 0}
  m_PrefabAsset: {fileID: 0}
  serializedVersion: 6
  m_Component:
  - component: {fileID: 1078603561}
  m_Layer: 10
  m_Name: palm_r
  m_TagString: Untagged
  m_Icon: {fileID: 0}
  m_NavMeshLayer: 0
  m_StaticEditorFlags: 0
  m_IsActive: 1
--- !u!4 &1078603561
Transform:
  m_ObjectHideFlags: 0
  m_CorrespondingSourceObject: {fileID: 0}
  m_PrefabInstance: {fileID: 0}
  m_PrefabAsset: {fileID: 0}
  m_GameObject: {fileID: 1078603560}
  m_LocalRotation: {x: -0.00007351911, y: 0.0037256384, z: -0.018015308, w: 0.9998308}
  m_LocalPosition: {x: -0.031570744, y: -0.000000011254286, z: -0.0000003633083}
  m_LocalScale: {x: 1, y: 1, z: 1}
  m_Children: []
  m_Father: {fileID: 2039402955}
  m_RootOrder: 0
  m_LocalEulerAnglesHint: {x: 0, y: 0, z: 0}
--- !u!1 &1079012125
GameObject:
  m_ObjectHideFlags: 0
  m_CorrespondingSourceObject: {fileID: 0}
  m_PrefabInstance: {fileID: 0}
  m_PrefabAsset: {fileID: 0}
  serializedVersion: 6
  m_Component:
  - component: {fileID: 1079012126}
  m_Layer: 10
  m_Name: leg_r
  m_TagString: Untagged
  m_Icon: {fileID: 0}
  m_NavMeshLayer: 0
  m_StaticEditorFlags: 0
  m_IsActive: 1
--- !u!4 &1079012126
Transform:
  m_ObjectHideFlags: 0
  m_CorrespondingSourceObject: {fileID: 0}
  m_PrefabInstance: {fileID: 0}
  m_PrefabAsset: {fileID: 0}
  m_GameObject: {fileID: 1079012125}
  m_LocalRotation: {x: 0, y: -0, z: -0.05979463, w: 0.9982107}
  m_LocalPosition: {x: 0.0427075, y: 0, z: 0}
  m_LocalScale: {x: 1, y: 1, z: 1}
  m_Children:
  - {fileID: 511497195}
  m_Father: {fileID: 242037456}
  m_RootOrder: 0
  m_LocalEulerAnglesHint: {x: 0, y: 0, z: -6.8560486}
--- !u!1 &1179954730
GameObject:
  m_ObjectHideFlags: 0
  m_CorrespondingSourceObject: {fileID: 0}
  m_PrefabInstance: {fileID: 0}
  m_PrefabAsset: {fileID: 0}
  serializedVersion: 6
  m_Component:
  - component: {fileID: 1179954731}
  - component: {fileID: 1179954734}
  - component: {fileID: 1179954733}
  - component: {fileID: 1179954732}
  - component: {fileID: 8189814314196629767}
  m_Layer: 10
  m_Name: astronaut_2_idle
  m_TagString: Untagged
  m_Icon: {fileID: 0}
  m_NavMeshLayer: 0
  m_StaticEditorFlags: 0
  m_IsActive: 1
--- !u!4 &1179954731
Transform:
  m_ObjectHideFlags: 0
  m_CorrespondingSourceObject: {fileID: 0}
  m_PrefabInstance: {fileID: 0}
  m_PrefabAsset: {fileID: 0}
  m_GameObject: {fileID: 1179954730}
  m_LocalRotation: {x: -0, y: -0, z: -0, w: 1}
  m_LocalPosition: {x: -2.27, y: -0.19994211, z: 0.41860202}
  m_LocalScale: {x: 1, y: 1, z: 1}
  m_Children:
  - {fileID: 369766245}
  - {fileID: 1271465173}
  m_Father: {fileID: 1594907646}
  m_RootOrder: 0
  m_LocalEulerAnglesHint: {x: 0, y: 0, z: 0}
--- !u!95 &1179954734
Animator:
  serializedVersion: 3
  m_ObjectHideFlags: 0
  m_CorrespondingSourceObject: {fileID: 0}
  m_PrefabInstance: {fileID: 0}
  m_PrefabAsset: {fileID: 0}
  m_GameObject: {fileID: 1179954730}
  m_Enabled: 1
  m_Avatar: {fileID: 9000000, guid: fb43a25e74c597d479290e7362e515d1, type: 3}
  m_Controller: {fileID: 9100000, guid: b33f6f87ffdd58749a2e617a526283f5, type: 2}
  m_CullingMode: 1
  m_UpdateMode: 0
  m_ApplyRootMotion: 0
  m_LinearVelocityBlending: 0
  m_WarningMessage: 
  m_HasTransformHierarchy: 1
  m_AllowConstantClipSamplingOptimization: 1
  m_KeepAnimatorControllerStateOnDisable: 0
--- !u!114 &1179954733
MonoBehaviour:
  m_ObjectHideFlags: 0
  m_CorrespondingSourceObject: {fileID: 0}
  m_PrefabInstance: {fileID: 0}
  m_PrefabAsset: {fileID: 0}
  m_GameObject: {fileID: 1179954730}
  m_Enabled: 1
  m_EditorHideFlags: 0
  m_Script: {fileID: 11500000, guid: 52043a1396b09ca40b07d3a476b1a749, type: 3}
  m_Name: 
  m_EditorClassIdentifier: 
  animator: {fileID: 1179954734}
  particles: {fileID: 0}
  customParticlesTrigger: 0
  particlesDelay: 0
--- !u!114 &1179954732
MonoBehaviour:
  m_ObjectHideFlags: 0
  m_CorrespondingSourceObject: {fileID: 0}
  m_PrefabInstance: {fileID: 0}
  m_PrefabAsset: {fileID: 0}
  m_GameObject: {fileID: 1179954730}
  m_Enabled: 1
  m_EditorHideFlags: 0
  m_Script: {fileID: 11500000, guid: b62dc8bac0690a44eaf69c645d0f81b7, type: 3}
  m_Name: 
  m_EditorClassIdentifier: 
  sticker: {fileID: 11400000, guid: 3f6a3275e096ae6468b766f35379a79b, type: 2}
  stickerSpawnTransform: {fileID: 1976798843}
  customTriggerTime: 0
--- !u!114 &8189814314196629767
MonoBehaviour:
  m_ObjectHideFlags: 0
  m_CorrespondingSourceObject: {fileID: 0}
  m_PrefabInstance: {fileID: 0}
  m_PrefabAsset: {fileID: 0}
  m_GameObject: {fileID: 1179954730}
  m_Enabled: 1
  m_EditorHideFlags: 0
  m_Script: {fileID: 11500000, guid: 09bd002600ff9d0408150433fa754ad9, type: 3}
  m_Name: 
  m_EditorClassIdentifier: 
  idleAudioSource: {fileID: 7098699063590729291}
  interactAudioSource: {fileID: 9173734530040332258}
  customIdleSoundTime: 0
  customInteractSoundTime: 0
  minIdleRandomDelay: 6
  maxIdleRandomDelay: 12
--- !u!1 &1271465172
GameObject:
  m_ObjectHideFlags: 0
  m_CorrespondingSourceObject: {fileID: 0}
  m_PrefabInstance: {fileID: 0}
  m_PrefabAsset: {fileID: 0}
  serializedVersion: 6
  m_Component:
  - component: {fileID: 1271465173}
  m_Layer: 10
  m_Name: grp_asronaut_joints
  m_TagString: Untagged
  m_Icon: {fileID: 0}
  m_NavMeshLayer: 0
  m_StaticEditorFlags: 0
  m_IsActive: 1
--- !u!4 &1271465173
Transform:
  m_ObjectHideFlags: 0
  m_CorrespondingSourceObject: {fileID: 0}
  m_PrefabInstance: {fileID: 0}
  m_PrefabAsset: {fileID: 0}
  m_GameObject: {fileID: 1271465172}
  m_LocalRotation: {x: 0, y: -0, z: -0, w: 1}
  m_LocalPosition: {x: -0, y: 0, z: 0}
  m_LocalScale: {x: 1, y: 1, z: 1}
  m_Children:
  - {fileID: 1976798843}
  m_Father: {fileID: 1179954731}
  m_RootOrder: 1
  m_LocalEulerAnglesHint: {x: 0, y: 0, z: 0}
--- !u!1 &1289034602
GameObject:
  m_ObjectHideFlags: 0
  m_CorrespondingSourceObject: {fileID: 0}
  m_PrefabInstance: {fileID: 0}
  m_PrefabAsset: {fileID: 0}
  serializedVersion: 6
  m_Component:
  - component: {fileID: 1289034603}
  m_Layer: 10
  m_Name: hand_l
  m_TagString: Untagged
  m_Icon: {fileID: 0}
  m_NavMeshLayer: 0
  m_StaticEditorFlags: 0
  m_IsActive: 1
--- !u!4 &1289034603
Transform:
  m_ObjectHideFlags: 0
  m_CorrespondingSourceObject: {fileID: 0}
  m_PrefabInstance: {fileID: 0}
  m_PrefabAsset: {fileID: 0}
  m_GameObject: {fileID: 1289034602}
  m_LocalRotation: {x: 0.10099028, y: 0.10190119, z: 0.027943162, w: 0.9892605}
  m_LocalPosition: {x: 0.05334604, y: 0.00025047868, z: -0.003017384}
  m_LocalScale: {x: 1, y: 1, z: 1}
  m_Children:
  - {fileID: 1058051419}
  m_Father: {fileID: 1605297593}
  m_RootOrder: 0
  m_LocalEulerAnglesHint: {x: 11.193116, y: 12.197164, z: 4.4356446}
--- !u!1 &1533414733
GameObject:
  m_ObjectHideFlags: 0
  m_CorrespondingSourceObject: {fileID: 0}
  m_PrefabInstance: {fileID: 0}
  m_PrefabAsset: {fileID: 0}
  serializedVersion: 6
  m_Component:
  - component: {fileID: 1533414734}
  m_Layer: 10
  m_Name: spine
  m_TagString: Untagged
  m_Icon: {fileID: 0}
  m_NavMeshLayer: 0
  m_StaticEditorFlags: 0
  m_IsActive: 1
--- !u!4 &1533414734
Transform:
  m_ObjectHideFlags: 0
  m_CorrespondingSourceObject: {fileID: 0}
  m_PrefabInstance: {fileID: 0}
  m_PrefabAsset: {fileID: 0}
  m_GameObject: {fileID: 1533414733}
  m_LocalRotation: {x: -0.03113821, y: -0.03505055, z: -0.3129177, w: 0.9486224}
  m_LocalPosition: {x: -0.054299377, y: 0.00043565867, z: 0.0000839441}
  m_LocalScale: {x: 1, y: 1, z: 1}
  m_Children:
  - {fileID: 775737031}
  - {fileID: 749270891}
  - {fileID: 1022776568}
  m_Father: {fileID: 1976798843}
  m_RootOrder: 0
  m_LocalEulerAnglesHint: {x: -4.6467767, y: -2.7034793, z: -36.402157}
--- !u!1 &1594907644
GameObject:
  m_ObjectHideFlags: 0
  m_CorrespondingSourceObject: {fileID: 0}
  m_PrefabInstance: {fileID: 0}
  m_PrefabAsset: {fileID: 0}
  serializedVersion: 6
  m_Component:
  - component: {fileID: 1594907646}
  - component: {fileID: 1594907645}
  m_Layer: 10
  m_Name: astronaut2
  m_TagString: Untagged
  m_Icon: {fileID: 0}
  m_NavMeshLayer: 0
  m_StaticEditorFlags: 0
  m_IsActive: 1
--- !u!4 &1594907646
Transform:
  m_ObjectHideFlags: 0
  m_CorrespondingSourceObject: {fileID: 0}
  m_PrefabInstance: {fileID: 0}
  m_PrefabAsset: {fileID: 0}
  m_GameObject: {fileID: 1594907644}
  m_LocalRotation: {x: 0, y: 0, z: 0, w: 1}
  m_LocalPosition: {x: 0, y: 0, z: 0}
  m_LocalScale: {x: 1, y: 1, z: 1}
  m_Children:
  - {fileID: 1179954731}
  m_Father: {fileID: 0}
  m_RootOrder: 0
  m_LocalEulerAnglesHint: {x: 0, y: 0, z: 0}
--- !u!95 &1594907645
Animator:
  serializedVersion: 3
  m_ObjectHideFlags: 0
  m_CorrespondingSourceObject: {fileID: 0}
  m_PrefabInstance: {fileID: 0}
  m_PrefabAsset: {fileID: 0}
  m_GameObject: {fileID: 1594907644}
  m_Enabled: 1
  m_Avatar: {fileID: 0}
  m_Controller: {fileID: 9100000, guid: 9c042ee7baed8b2419fc312146d3d939, type: 2}
  m_CullingMode: 0
  m_UpdateMode: 0
  m_ApplyRootMotion: 0
  m_LinearVelocityBlending: 0
  m_WarningMessage: 
  m_HasTransformHierarchy: 1
  m_AllowConstantClipSamplingOptimization: 1
  m_KeepAnimatorControllerStateOnDisable: 0
--- !u!1 &1605297592
GameObject:
  m_ObjectHideFlags: 0
  m_CorrespondingSourceObject: {fileID: 0}
  m_PrefabInstance: {fileID: 0}
  m_PrefabAsset: {fileID: 0}
  serializedVersion: 6
  m_Component:
  - component: {fileID: 1605297593}
  m_Layer: 10
  m_Name: arm_l
  m_TagString: Untagged
  m_Icon: {fileID: 0}
  m_NavMeshLayer: 0
  m_StaticEditorFlags: 0
  m_IsActive: 1
--- !u!4 &1605297593
Transform:
  m_ObjectHideFlags: 0
  m_CorrespondingSourceObject: {fileID: 0}
  m_PrefabInstance: {fileID: 0}
  m_PrefabAsset: {fileID: 0}
  m_GameObject: {fileID: 1605297592}
  m_LocalRotation: {x: -0.0023427878, y: 0.00595118, z: -0.44003326, w: 0.8979587}
  m_LocalPosition: {x: 0.061498262, y: 0.000956453, z: 0.0021855389}
  m_LocalScale: {x: 1, y: 1, z: 1}
  m_Children:
  - {fileID: 1289034603}
  m_Father: {fileID: 749270891}
  m_RootOrder: 0
  m_LocalEulerAnglesHint: {x: 0.05901359, y: 0.73052055, z: -52.212772}
--- !u!1 &1976798842
GameObject:
  m_ObjectHideFlags: 0
  m_CorrespondingSourceObject: {fileID: 0}
  m_PrefabInstance: {fileID: 0}
  m_PrefabAsset: {fileID: 0}
  serializedVersion: 6
  m_Component:
  - component: {fileID: 1976798843}
  - component: {fileID: 345602846350767827}
  m_Layer: 10
  m_Name: hip
  m_TagString: Untagged
  m_Icon: {fileID: 0}
  m_NavMeshLayer: 0
  m_StaticEditorFlags: 0
  m_IsActive: 1
--- !u!4 &1976798843
Transform:
  m_ObjectHideFlags: 0
  m_CorrespondingSourceObject: {fileID: 0}
  m_PrefabInstance: {fileID: 0}
  m_PrefabAsset: {fileID: 0}
  m_GameObject: {fileID: 1976798842}
  m_LocalRotation: {x: 0.4556585, y: -0.5327269, z: -0.422255, w: 0.57469827}
  m_LocalPosition: {x: 0.000010570531, y: 0.106903225, z: -0.002031459}
  m_LocalScale: {x: 3, y: 3, z: 3}
  m_Children:
  - {fileID: 1533414734}
  - {fileID: 370763232}
  - {fileID: 242037456}
  - {fileID: 4601346659065206654}
  m_Father: {fileID: 1271465173}
  m_RootOrder: 0
  m_LocalEulerAnglesHint: {x: 4.2345243, y: -89.01436, z: -76.77494}
--- !u!65 &345602846350767827
BoxCollider:
  m_ObjectHideFlags: 0
  m_CorrespondingSourceObject: {fileID: 0}
  m_PrefabInstance: {fileID: 0}
  m_PrefabAsset: {fileID: 0}
  m_GameObject: {fileID: 1976798842}
  m_Material: {fileID: 0}
  m_IsTrigger: 0
  m_Enabled: 1
  serializedVersion: 2
  m_Size: {x: 0.39, y: 0.27, z: 0.3}
  m_Center: {x: -0.07, y: 0.06, z: -0.03}
--- !u!1 &1983243361
GameObject:
  m_ObjectHideFlags: 0
  m_CorrespondingSourceObject: {fileID: 0}
  m_PrefabInstance: {fileID: 0}
  m_PrefabAsset: {fileID: 0}
  serializedVersion: 6
  m_Component:
  - component: {fileID: 1983243362}
  m_Layer: 10
  m_Name: end_foot_r
  m_TagString: Untagged
  m_Icon: {fileID: 0}
  m_NavMeshLayer: 0
  m_StaticEditorFlags: 0
  m_IsActive: 1
--- !u!4 &1983243362
Transform:
  m_ObjectHideFlags: 0
  m_CorrespondingSourceObject: {fileID: 0}
  m_PrefabInstance: {fileID: 0}
  m_PrefabAsset: {fileID: 0}
  m_GameObject: {fileID: 1983243361}
  m_LocalRotation: {x: 0.70343095, y: 0.072006166, z: -0.70343095, w: 0.072006166}
  m_LocalPosition: {x: 0.058825467, y: -0.000000020598234, z: 3.330669e-17}
  m_LocalScale: {x: 1, y: 1, z: 1}
  m_Children: []
  m_Father: {fileID: 511497195}
  m_RootOrder: 0
  m_LocalEulerAnglesHint: {x: 0, y: 0, z: 0}
--- !u!1 &2039402954
GameObject:
  m_ObjectHideFlags: 0
  m_CorrespondingSourceObject: {fileID: 0}
  m_PrefabInstance: {fileID: 0}
  m_PrefabAsset: {fileID: 0}
  serializedVersion: 6
  m_Component:
  - component: {fileID: 2039402955}
  m_Layer: 10
  m_Name: hand_r
  m_TagString: Untagged
  m_Icon: {fileID: 0}
  m_NavMeshLayer: 0
  m_StaticEditorFlags: 0
  m_IsActive: 1
--- !u!4 &2039402955
Transform:
  m_ObjectHideFlags: 0
  m_CorrespondingSourceObject: {fileID: 0}
  m_PrefabInstance: {fileID: 0}
  m_PrefabAsset: {fileID: 0}
  m_GameObject: {fileID: 2039402954}
  m_LocalRotation: {x: 0.06625618, y: 0.15700042, z: 0.02486703, w: 0.98505974}
  m_LocalPosition: {x: -0.053191267, y: -0.00008831094, z: 0.0049233264}
  m_LocalScale: {x: 1, y: 1, z: 1}
  m_Children:
  - {fileID: 1078603561}
  m_Father: {fileID: 878876293}
  m_RootOrder: 0
  m_LocalEulerAnglesHint: {x: 7.049357, y: 18.359955, z: 4.0327764}
--- !u!1001 &6075547883459121086
PrefabInstance:
  m_ObjectHideFlags: 0
  serializedVersion: 2
  m_Modification:
    m_TransformParent: {fileID: 1976798843}
    m_Modifications:
    - target: {fileID: 4315761567560306457, guid: e13b29446d351d5469870b3bdb3630f6,
        type: 3}
      propertyPath: m_Name
      value: InteractableItemAudioSources
      objectReference: {fileID: 0}
    - target: {fileID: 3107211541141581916, guid: e13b29446d351d5469870b3bdb3630f6,
        type: 3}
      propertyPath: m_audioClip
      value: 
      objectReference: {fileID: 8300000, guid: 9e0c26659c61145488fe328a894674c8, type: 3}
    - target: {fileID: 3107211541141581916, guid: e13b29446d351d5469870b3bdb3630f6,
        type: 3}
      propertyPath: m_Pitch
      value: 1.35
      objectReference: {fileID: 0}
    - target: {fileID: 7749545917773387968, guid: e13b29446d351d5469870b3bdb3630f6,
        type: 3}
      propertyPath: m_LocalPosition.x
      value: 0
      objectReference: {fileID: 0}
    - target: {fileID: 7749545917773387968, guid: e13b29446d351d5469870b3bdb3630f6,
        type: 3}
      propertyPath: m_LocalPosition.y
      value: 0
      objectReference: {fileID: 0}
    - target: {fileID: 7749545917773387968, guid: e13b29446d351d5469870b3bdb3630f6,
        type: 3}
      propertyPath: m_LocalPosition.z
      value: 0
      objectReference: {fileID: 0}
    - target: {fileID: 7749545917773387968, guid: e13b29446d351d5469870b3bdb3630f6,
        type: 3}
      propertyPath: m_LocalRotation.x
      value: 0
      objectReference: {fileID: 0}
    - target: {fileID: 7749545917773387968, guid: e13b29446d351d5469870b3bdb3630f6,
        type: 3}
      propertyPath: m_LocalRotation.y
      value: 0
      objectReference: {fileID: 0}
    - target: {fileID: 7749545917773387968, guid: e13b29446d351d5469870b3bdb3630f6,
        type: 3}
      propertyPath: m_LocalRotation.z
      value: 0
      objectReference: {fileID: 0}
    - target: {fileID: 7749545917773387968, guid: e13b29446d351d5469870b3bdb3630f6,
        type: 3}
      propertyPath: m_LocalRotation.w
      value: 1
      objectReference: {fileID: 0}
    - target: {fileID: 7749545917773387968, guid: e13b29446d351d5469870b3bdb3630f6,
        type: 3}
      propertyPath: m_RootOrder
      value: 3
      objectReference: {fileID: 0}
    - target: {fileID: 7749545917773387968, guid: e13b29446d351d5469870b3bdb3630f6,
        type: 3}
      propertyPath: m_LocalEulerAnglesHint.x
      value: 0
      objectReference: {fileID: 0}
    - target: {fileID: 7749545917773387968, guid: e13b29446d351d5469870b3bdb3630f6,
        type: 3}
      propertyPath: m_LocalEulerAnglesHint.y
      value: 0
      objectReference: {fileID: 0}
    - target: {fileID: 7749545917773387968, guid: e13b29446d351d5469870b3bdb3630f6,
        type: 3}
      propertyPath: m_LocalEulerAnglesHint.z
      value: 0
      objectReference: {fileID: 0}
    - target: {fileID: 3950514132935784949, guid: e13b29446d351d5469870b3bdb3630f6,
        type: 3}
      propertyPath: m_audioClip
      value: 
      objectReference: {fileID: 8300000, guid: 909b2dfc2b41f0e45bcfe44f8037c8b6, type: 3}
    - target: {fileID: 3950514132935784949, guid: e13b29446d351d5469870b3bdb3630f6,
        type: 3}
      propertyPath: m_Volume
      value: 0.15
      objectReference: {fileID: 0}
    m_RemovedComponents: []
  m_SourcePrefab: {fileID: 100100000, guid: e13b29446d351d5469870b3bdb3630f6, type: 3}
--- !u!4 &4601346659065206654 stripped
Transform:
  m_CorrespondingSourceObject: {fileID: 7749545917773387968, guid: e13b29446d351d5469870b3bdb3630f6,
    type: 3}
  m_PrefabInstance: {fileID: 6075547883459121086}
  m_PrefabAsset: {fileID: 0}
--- !u!82 &7098699063590729291 stripped
AudioSource:
  m_CorrespondingSourceObject: {fileID: 3950514132935784949, guid: e13b29446d351d5469870b3bdb3630f6,
    type: 3}
  m_PrefabInstance: {fileID: 6075547883459121086}
  m_PrefabAsset: {fileID: 0}
--- !u!82 &9173734530040332258 stripped
AudioSource:
  m_CorrespondingSourceObject: {fileID: 3107211541141581916, guid: e13b29446d351d5469870b3bdb3630f6,
    type: 3}
  m_PrefabInstance: {fileID: 6075547883459121086}
  m_PrefabAsset: {fileID: 0}
