%YAML 1.1
%TAG !u! tag:unity3d.com,2011:
--- !u!1 &82603784
GameObject:
  m_ObjectHideFlags: 0
  m_CorrespondingSourceObject: {fileID: 0}
  m_PrefabInstance: {fileID: 0}
  m_PrefabAsset: {fileID: 0}
  serializedVersion: 6
  m_Component:
  - component: {fileID: 82603785}
  - component: {fileID: 82603786}
  m_Layer: 0
  m_Name: LocalPlayerData
  m_TagString: Untagged
  m_Icon: {fileID: 0}
  m_NavMeshLayer: 0
  m_StaticEditorFlags: 0
  m_IsActive: 1
--- !u!4 &82603785
Transform:
  m_ObjectHideFlags: 0
  m_CorrespondingSourceObject: {fileID: 0}
  m_PrefabInstance: {fileID: 0}
  m_PrefabAsset: {fileID: 0}
  m_GameObject: {fileID: 82603784}
  m_LocalRotation: {x: -0, y: -0, z: -0, w: 1}
  m_LocalPosition: {x: 0, y: 0, z: 0}
  m_LocalScale: {x: 1, y: 1, z: 1}
  m_Children: []
  m_Father: {fileID: 2652251526979196401}
  m_RootOrder: 4
  m_LocalEulerAnglesHint: {x: 0, y: 0, z: 0}
--- !u!114 &82603786
MonoBehaviour:
  m_ObjectHideFlags: 0
  m_CorrespondingSourceObject: {fileID: 0}
  m_PrefabInstance: {fileID: 0}
  m_PrefabAsset: {fileID: 0}
  m_GameObject: {fileID: 82603784}
  m_Enabled: 1
  m_EditorHideFlags: 0
  m_Script: {fileID: 11500000, guid: 0520d922bbfa6e24f90db54c34945f0a, type: 3}
  m_Name: 
  m_EditorClassIdentifier: 
  boolData: 0000000000000000000000000000000000000000000000000000000000000000000000000000000000000000000000000000000000000000000000000000000000000000000000000000000000000000000000000000000000000000000000000000000000000000000000000000000000000000000000000000000000000000000000000000000000000000000000000000000000000000000000000000000000000000000000000000000000000000000000000000000000000000000000000000000000000000
  stickerData:
  - name: 
    scale: 0
    rotation: 0
    xCoord: 0
    yCoord: 0
  - name: 
    scale: 0
    rotation: 0
    xCoord: 0
    yCoord: 0
  - name: 
    scale: 0
    rotation: 0
    xCoord: 0
    yCoord: 0
  - name: 
    scale: 0
    rotation: 0
    xCoord: 0
    yCoord: 0
  - name: 
    scale: 0
    rotation: 0
    xCoord: 0
    yCoord: 0
  - name: 
    scale: 0
    rotation: 0
    xCoord: 0
    yCoord: 0
  - name: 
    scale: 0
    rotation: 0
    xCoord: 0
    yCoord: 0
  - name: 
    scale: 0
    rotation: 0
    xCoord: 0
    yCoord: 0
  - name: 
    scale: 0
    rotation: 0
    xCoord: 0
    yCoord: 0
  - name: 
    scale: 0
    rotation: 0
    xCoord: 0
    yCoord: 0
  - name: 
    scale: 0
    rotation: 0
    xCoord: 0
    yCoord: 0
  - name: 
    scale: 0
    rotation: 0
    xCoord: 0
    yCoord: 0
  - name: 
    scale: 0
    rotation: 0
    xCoord: 0
    yCoord: 0
  - name: 
    scale: 0
    rotation: 0
    xCoord: 0
    yCoord: 0
  - name: 
    scale: 0
    rotation: 0
    xCoord: 0
    yCoord: 0
  - name: 
    scale: 0
    rotation: 0
    xCoord: 0
    yCoord: 0
  - name: 
    scale: 0
    rotation: 0
    xCoord: 0
    yCoord: 0
  - name: 
    scale: 0
    rotation: 0
    xCoord: 0
    yCoord: 0
  - name: 
    scale: 0
    rotation: 0
    xCoord: 0
    yCoord: 0
  - name: 
    scale: 0
    rotation: 0
    xCoord: 0
    yCoord: 0
  - name: 
    scale: 0
    rotation: 0
    xCoord: 0
    yCoord: 0
  - name: 
    scale: 0
    rotation: 0
    xCoord: 0
    yCoord: 0
  - name: 
    scale: 0
    rotation: 0
    xCoord: 0
    yCoord: 0
  - name: 
    scale: 0
    rotation: 0
    xCoord: 0
    yCoord: 0
  - name: 
    scale: 0
    rotation: 0
    xCoord: 0
    yCoord: 0
  - name: 
    scale: 0
    rotation: 0
    xCoord: 0
    yCoord: 0
  - name: 
    scale: 0
    rotation: 0
    xCoord: 0
    yCoord: 0
  - name: 
    scale: 0
    rotation: 0
    xCoord: 0
    yCoord: 0
  - name: 
    scale: 0
    rotation: 0
    xCoord: 0
    yCoord: 0
  - name: 
    scale: 0
    rotation: 0
    xCoord: 0
    yCoord: 0
  misc:
    tutorialCompleted: 0
--- !u!1 &1759795985
GameObject:
  m_ObjectHideFlags: 0
  m_CorrespondingSourceObject: {fileID: 0}
  m_PrefabInstance: {fileID: 0}
  m_PrefabAsset: {fileID: 0}
  serializedVersion: 6
  m_Component:
  - component: {fileID: 1759795989}
  - component: {fileID: 1759795988}
  - component: {fileID: 1759795986}
  - component: {fileID: 1759795987}
  m_Layer: 0
  m_Name: Point Cloud
  m_TagString: Untagged
  m_Icon: {fileID: 0}
  m_NavMeshLayer: 0
  m_StaticEditorFlags: 0
  m_IsActive: 0
--- !u!4 &1759795989
Transform:
  m_ObjectHideFlags: 0
  m_CorrespondingSourceObject: {fileID: 0}
  m_PrefabInstance: {fileID: 0}
  m_PrefabAsset: {fileID: 0}
  m_GameObject: {fileID: 1759795985}
  m_LocalRotation: {x: -0, y: -0, z: -0, w: 1}
  m_LocalPosition: {x: 0, y: 0, z: 0}
  m_LocalScale: {x: 1, y: 1, z: 1}
  m_Children: []
  m_Father: {fileID: 2652251526979196401}
  m_RootOrder: 3
  m_LocalEulerAnglesHint: {x: 0, y: 0, z: 0}
--- !u!33 &1759795988
MeshFilter:
  m_ObjectHideFlags: 0
  m_CorrespondingSourceObject: {fileID: 0}
  m_PrefabInstance: {fileID: 0}
  m_PrefabAsset: {fileID: 0}
  m_GameObject: {fileID: 1759795985}
  m_Mesh: {fileID: 10202, guid: 0000000000000000e000000000000000, type: 0}
--- !u!23 &1759795986
MeshRenderer:
  m_ObjectHideFlags: 0
  m_CorrespondingSourceObject: {fileID: 0}
  m_PrefabInstance: {fileID: 0}
  m_PrefabAsset: {fileID: 0}
  m_GameObject: {fileID: 1759795985}
  m_Enabled: 1
  m_CastShadows: 1
  m_ReceiveShadows: 1
  m_DynamicOccludee: 1
  m_MotionVectors: 1
  m_LightProbeUsage: 1
  m_ReflectionProbeUsage: 1
  m_RenderingLayerMask: 1
  m_RendererPriority: 0
  m_Materials:
  - {fileID: 2100000, guid: fb4fbd1b92e244df2bc6f43deb7a57a2, type: 2}
  m_StaticBatchInfo:
    firstSubMesh: 0
    subMeshCount: 0
  m_StaticBatchRoot: {fileID: 0}
  m_ProbeAnchor: {fileID: 0}
  m_LightProbeVolumeOverride: {fileID: 0}
  m_ScaleInLightmap: 1
  m_PreserveUVs: 1
  m_IgnoreNormalsForChartDetection: 0
  m_ImportantGI: 0
  m_StitchLightmapSeams: 0
  m_SelectedEditorRenderState: 3
  m_MinimumChartSize: 4
  m_AutoUVMaxDistance: 0.5
  m_AutoUVMaxAngle: 89
  m_LightmapParameters: {fileID: 0}
  m_SortingLayerID: 0
  m_SortingLayer: 0
  m_SortingOrder: 0
--- !u!114 &1759795987
MonoBehaviour:
  m_ObjectHideFlags: 0
  m_CorrespondingSourceObject: {fileID: 0}
  m_PrefabInstance: {fileID: 0}
  m_PrefabAsset: {fileID: 0}
  m_GameObject: {fileID: 1759795985}
  m_Enabled: 1
  m_EditorHideFlags: 0
  m_Script: {fileID: 11500000, guid: 4d5645b79cc5e4251827ffe171ed4658, type: 3}
  m_Name: 
  m_EditorClassIdentifier: 
--- !u!1 &2083512464
GameObject:
  m_ObjectHideFlags: 0
  m_CorrespondingSourceObject: {fileID: 0}
  m_PrefabInstance: {fileID: 0}
  m_PrefabAsset: {fileID: 0}
  serializedVersion: 6
  m_Component:
  - component: {fileID: 2083512466}
  - component: {fileID: 2083512465}
  m_Layer: 0
  m_Name: Plane Generator
  m_TagString: Untagged
  m_Icon: {fileID: 0}
  m_NavMeshLayer: 0
  m_StaticEditorFlags: 0
  m_IsActive: 0
--- !u!4 &2083512466
Transform:
  m_ObjectHideFlags: 0
  m_CorrespondingSourceObject: {fileID: 0}
  m_PrefabInstance: {fileID: 0}
  m_PrefabAsset: {fileID: 0}
  m_GameObject: {fileID: 2083512464}
  m_LocalRotation: {x: -0, y: -0, z: -0, w: 1}
  m_LocalPosition: {x: 0, y: 0, z: 0}
  m_LocalScale: {x: 1, y: 1, z: 1}
  m_Children: []
  m_Father: {fileID: 2652251526979196401}
  m_RootOrder: 2
  m_LocalEulerAnglesHint: {x: 0, y: 0, z: 0}
--- !u!114 &2083512465
MonoBehaviour:
  m_ObjectHideFlags: 0
  m_CorrespondingSourceObject: {fileID: 0}
  m_PrefabInstance: {fileID: 0}
  m_PrefabAsset: {fileID: 0}
  m_GameObject: {fileID: 2083512464}
  m_Enabled: 1
  m_EditorHideFlags: 0
  m_Script: {fileID: 11500000, guid: 8c669a4cc43174caea1a3748b76f2652, type: 3}
  m_Name: 
  m_EditorClassIdentifier: 
  DetectedPlanePrefab: {fileID: 1654175882956584, guid: 6a35c744e5010405c847fad90282d2be,
    type: 3}
--- !u!1 &2652251526979196399
GameObject:
  m_ObjectHideFlags: 0
  m_CorrespondingSourceObject: {fileID: 0}
  m_PrefabInstance: {fileID: 0}
  m_PrefabAsset: {fileID: 0}
  serializedVersion: 6
  m_Component:
  - component: {fileID: 2652251526979196401}
  - component: {fileID: 2652251526979196398}
  m_Layer: 0
  m_Name: GameController
  m_TagString: Untagged
  m_Icon: {fileID: 0}
  m_NavMeshLayer: 0
  m_StaticEditorFlags: 0
  m_IsActive: 1
--- !u!4 &2652251526979196401
Transform:
  m_ObjectHideFlags: 0
  m_CorrespondingSourceObject: {fileID: 0}
  m_PrefabInstance: {fileID: 0}
  m_PrefabAsset: {fileID: 0}
  m_GameObject: {fileID: 2652251526979196399}
  m_LocalRotation: {x: 0, y: 0, z: 0, w: 1}
  m_LocalPosition: {x: 0, y: 0, z: 0}
  m_LocalScale: {x: 1, y: 1, z: 1}
  m_Children:
  - {fileID: 2652251527994559440}
  - {fileID: 4442908887562770}
  - {fileID: 2083512466}
  - {fileID: 1759795989}
  - {fileID: 82603785}
  m_Father: {fileID: 0}
  m_RootOrder: 0
  m_LocalEulerAnglesHint: {x: 0, y: 0, z: 0}
--- !u!114 &2652251526979196398
MonoBehaviour:
  m_ObjectHideFlags: 0
  m_CorrespondingSourceObject: {fileID: 0}
  m_PrefabInstance: {fileID: 0}
  m_PrefabAsset: {fileID: 0}
  m_GameObject: {fileID: 2652251526979196399}
  m_Enabled: 1
  m_EditorHideFlags: 0
  m_Script: {fileID: 11500000, guid: b3546dce47d2ce94abb6acd24e9735c6, type: 3}
  m_Name: 
  m_EditorClassIdentifier: 
  wait: 1
  stickers: 0000000000000000000000000000000000000000000000000000000000000000000000000000000000000000000000000000000000000000000000000000000000000000000000000000000000000000000000000000000000000000000000000000000000000000000000000000000000000000000000000000000000000000000000000000000000000000000000000000000000000000000000000000000000000000000000000000000000000000000000000000000000000000000000000000000000000000
  stickerData: []
  miscData:
    tutorialCompleted: 0
--- !u!1 &2652251527994559438
GameObject:
  m_ObjectHideFlags: 0
  m_CorrespondingSourceObject: {fileID: 0}
  m_PrefabInstance: {fileID: 0}
  m_PrefabAsset: {fileID: 0}
  serializedVersion: 6
  m_Component:
  - component: {fileID: 2652251527994559440}
  - component: {fileID: 2652251527994559441}
  m_Layer: 0
  m_Name: ARController
  m_TagString: Untagged
  m_Icon: {fileID: 0}
  m_NavMeshLayer: 0
  m_StaticEditorFlags: 0
  m_IsActive: 1
--- !u!4 &2652251527994559440
Transform:
  m_ObjectHideFlags: 0
  m_CorrespondingSourceObject: {fileID: 0}
  m_PrefabInstance: {fileID: 0}
  m_PrefabAsset: {fileID: 0}
  m_GameObject: {fileID: 2652251527994559438}
  m_LocalRotation: {x: -0, y: -0, z: -0, w: 1}
  m_LocalPosition: {x: 0, y: 0, z: 0}
  m_LocalScale: {x: 1, y: 1, z: 1}
  m_Children: []
  m_Father: {fileID: 2652251526979196401}
  m_RootOrder: 0
  m_LocalEulerAnglesHint: {x: 0, y: 0, z: 0}
--- !u!114 &2652251527994559441
MonoBehaviour:
  m_ObjectHideFlags: 0
  m_CorrespondingSourceObject: {fileID: 0}
  m_PrefabInstance: {fileID: 0}
  m_PrefabAsset: {fileID: 0}
  m_GameObject: {fileID: 2652251527994559438}
  m_Enabled: 1
  m_EditorHideFlags: 0
  m_Script: {fileID: 11500000, guid: 9a488ae9822ea3e47940064e7f6005c0, type: 3}
  m_Name: 
  m_EditorClassIdentifier: 
--- !u!1001 &1188439238
PrefabInstance:
  m_ObjectHideFlags: 0
  serializedVersion: 2
  m_Modification:
    m_TransformParent: {fileID: 2652251526979196401}
    m_Modifications:
    - target: {fileID: 4705303685921309133, guid: be1bf716e8c52ff40a9d459af664100d,
        type: 3}
      propertyPath: m_Name
      value: ARCore Device
      objectReference: {fileID: 0}
    - target: {fileID: 4442907726913236, guid: be1bf716e8c52ff40a9d459af664100d, type: 3}
      propertyPath: m_LocalPosition.x
      value: 0
      objectReference: {fileID: 0}
    - target: {fileID: 4442907726913236, guid: be1bf716e8c52ff40a9d459af664100d, type: 3}
      propertyPath: m_LocalPosition.y
      value: 0
      objectReference: {fileID: 0}
    - target: {fileID: 4442907726913236, guid: be1bf716e8c52ff40a9d459af664100d, type: 3}
      propertyPath: m_LocalPosition.z
      value: 0
      objectReference: {fileID: 0}
    - target: {fileID: 4442907726913236, guid: be1bf716e8c52ff40a9d459af664100d, type: 3}
      propertyPath: m_LocalRotation.x
      value: -0
      objectReference: {fileID: 0}
    - target: {fileID: 4442907726913236, guid: be1bf716e8c52ff40a9d459af664100d, type: 3}
      propertyPath: m_LocalRotation.y
      value: -0
      objectReference: {fileID: 0}
    - target: {fileID: 4442907726913236, guid: be1bf716e8c52ff40a9d459af664100d, type: 3}
      propertyPath: m_LocalRotation.z
      value: -0
      objectReference: {fileID: 0}
    - target: {fileID: 4442907726913236, guid: be1bf716e8c52ff40a9d459af664100d, type: 3}
      propertyPath: m_LocalRotation.w
      value: 1
      objectReference: {fileID: 0}
    - target: {fileID: 4442907726913236, guid: be1bf716e8c52ff40a9d459af664100d, type: 3}
      propertyPath: m_RootOrder
      value: 1
      objectReference: {fileID: 0}
    - target: {fileID: 4442907726913236, guid: be1bf716e8c52ff40a9d459af664100d, type: 3}
      propertyPath: m_LocalEulerAnglesHint.x
      value: 0
      objectReference: {fileID: 0}
    - target: {fileID: 4442907726913236, guid: be1bf716e8c52ff40a9d459af664100d, type: 3}
      propertyPath: m_LocalEulerAnglesHint.y
      value: 0
      objectReference: {fileID: 0}
    - target: {fileID: 4442907726913236, guid: be1bf716e8c52ff40a9d459af664100d, type: 3}
      propertyPath: m_LocalEulerAnglesHint.z
      value: 0
      objectReference: {fileID: 0}
    m_RemovedComponents: []
  m_SourcePrefab: {fileID: 100100000, guid: be1bf716e8c52ff40a9d459af664100d, type: 3}
--- !u!4 &4442908887562770 stripped
Transform:
  m_CorrespondingSourceObject: {fileID: 4442907726913236, guid: be1bf716e8c52ff40a9d459af664100d,
    type: 3}
  m_PrefabInstance: {fileID: 1188439238}
  m_PrefabAsset: {fileID: 0}
