%YAML 1.1
%TAG !u! tag:unity3d.com,2011:
--- !u!1 &245920125
GameObject:
  m_ObjectHideFlags: 0
  m_CorrespondingSourceObject: {fileID: 0}
  m_PrefabInstance: {fileID: 0}
  m_PrefabAsset: {fileID: 0}
  serializedVersion: 6
  m_Component:
  - component: {fileID: 245920126}
  m_Layer: 10
  m_Name: fish_joint_2
  m_TagString: Untagged
  m_Icon: {fileID: 0}
  m_NavMeshLayer: 0
  m_StaticEditorFlags: 0
  m_IsActive: 1
--- !u!4 &245920126
Transform:
  m_ObjectHideFlags: 0
  m_CorrespondingSourceObject: {fileID: 0}
  m_PrefabInstance: {fileID: 0}
  m_PrefabAsset: {fileID: 0}
  m_GameObject: {fileID: 245920125}
  m_LocalRotation: {x: 5.3469325e-17, y: 0.992822, z: -5.3469325e-17, w: -0.11960159}
  m_LocalPosition: {x: -0.12758127, y: 0, z: 4.6379564e-16}
  m_LocalScale: {x: 1, y: 1, z: 1}
  m_Children:
  - {fileID: 687838140}
  m_Father: {fileID: 392234868}
  m_RootOrder: 0
  m_LocalEulerAnglesHint: {x: 3.846503e-17, y: -96.00209, z: 7.3370036e-16}
--- !u!1 &392234867
GameObject:
  m_ObjectHideFlags: 0
  m_CorrespondingSourceObject: {fileID: 0}
  m_PrefabInstance: {fileID: 0}
  m_PrefabAsset: {fileID: 0}
  serializedVersion: 6
  m_Component:
  - component: {fileID: 392234868}
  m_Layer: 10
  m_Name: fish_joint
  m_TagString: Untagged
  m_Icon: {fileID: 0}
  m_NavMeshLayer: 0
  m_StaticEditorFlags: 0
  m_IsActive: 1
--- !u!4 &392234868
Transform:
  m_ObjectHideFlags: 0
  m_CorrespondingSourceObject: {fileID: 0}
  m_PrefabInstance: {fileID: 0}
  m_PrefabAsset: {fileID: 0}
  m_GameObject: {fileID: 392234867}
  m_LocalRotation: {x: 0.5016712, y: 0.50764096, z: 0.49235302, w: 0.49821198}
  m_LocalPosition: {x: -0, y: 0.20713663, z: -0.025045985}
  m_LocalScale: {x: 1, y: 1, z: 1}
  m_Children:
  - {fileID: 245920126}
  - {fileID: 4050191857808841583}
  m_Father: {fileID: 2118165241}
  m_RootOrder: 3
  m_LocalEulerAnglesHint: {x: -0.0000006956675, y: 91.07402, z: 82.43375}
--- !u!1 &649961133
GameObject:
  m_ObjectHideFlags: 0
  m_CorrespondingSourceObject: {fileID: 0}
  m_PrefabInstance: {fileID: 0}
  m_PrefabAsset: {fileID: 0}
  serializedVersion: 6
  m_Component:
  - component: {fileID: 649961134}
  - component: {fileID: 649961135}
  m_Layer: 10
  m_Name: fish_for_rig_anim
  m_TagString: Untagged
  m_Icon: {fileID: 0}
  m_NavMeshLayer: 0
  m_StaticEditorFlags: 0
  m_IsActive: 1
--- !u!4 &649961134
Transform:
  m_ObjectHideFlags: 0
  m_CorrespondingSourceObject: {fileID: 0}
  m_PrefabInstance: {fileID: 0}
  m_PrefabAsset: {fileID: 0}
  m_GameObject: {fileID: 649961133}
  m_LocalRotation: {x: 0, y: -0, z: -0, w: 1}
  m_LocalPosition: {x: -0, y: 0, z: 0}
  m_LocalScale: {x: 1, y: 1, z: 1}
  m_Children: []
  m_Father: {fileID: 2118165241}
  m_RootOrder: 2
  m_LocalEulerAnglesHint: {x: 0, y: 0, z: 0}
--- !u!137 &649961135
SkinnedMeshRenderer:
  m_ObjectHideFlags: 0
  m_CorrespondingSourceObject: {fileID: 0}
  m_PrefabInstance: {fileID: 0}
  m_PrefabAsset: {fileID: 0}
  m_GameObject: {fileID: 649961133}
  m_Enabled: 1
  m_CastShadows: 1
  m_ReceiveShadows: 1
  m_DynamicOccludee: 1
  m_MotionVectors: 1
  m_LightProbeUsage: 1
  m_ReflectionProbeUsage: 1
  m_RenderingLayerMask: 1
  m_RendererPriority: 0
  m_Materials:
  - {fileID: 2100000, guid: 3d2723c1c936b094e915367b2db79243, type: 2}
  m_StaticBatchInfo:
    firstSubMesh: 0
    subMeshCount: 0
  m_StaticBatchRoot: {fileID: 0}
  m_ProbeAnchor: {fileID: 0}
  m_LightProbeVolumeOverride: {fileID: 0}
  m_ScaleInLightmap: 1
  m_PreserveUVs: 0
  m_IgnoreNormalsForChartDetection: 0
  m_ImportantGI: 0
  m_StitchLightmapSeams: 0
  m_SelectedEditorRenderState: 3
  m_MinimumChartSize: 4
  m_AutoUVMaxDistance: 0.5
  m_AutoUVMaxAngle: 89
  m_LightmapParameters: {fileID: 0}
  m_SortingLayerID: 0
  m_SortingLayer: 0
  m_SortingOrder: 0
  serializedVersion: 2
  m_Quality: 0
  m_UpdateWhenOffscreen: 0
  m_SkinnedMotionVectors: 1
  m_Mesh: {fileID: 4300000, guid: 0314a234042b3e942ae3a7588a39e75f, type: 3}
  m_Bones:
  - {fileID: 392234868}
  - {fileID: 245920126}
  - {fileID: 687838140}
  m_BlendShapeWeights: []
  m_RootBone: {fileID: 392234868}
  m_AABB:
    m_Center: {x: -0.115906656, y: 0.0127893835, z: -0.0022402257}
    m_Extent: {x: 0.15297312, y: 0.1071875, z: 0.07077926}
  m_DirtyAABB: 0
--- !u!1 &687838139
GameObject:
  m_ObjectHideFlags: 0
  m_CorrespondingSourceObject: {fileID: 0}
  m_PrefabInstance: {fileID: 0}
  m_PrefabAsset: {fileID: 0}
  serializedVersion: 6
  m_Component:
  - component: {fileID: 687838140}
  m_Layer: 10
  m_Name: fish_joint_3
  m_TagString: Untagged
  m_Icon: {fileID: 0}
  m_NavMeshLayer: 0
  m_StaticEditorFlags: 0
  m_IsActive: 1
--- !u!4 &687838140
Transform:
  m_ObjectHideFlags: 0
  m_CorrespondingSourceObject: {fileID: 0}
  m_PrefabInstance: {fileID: 0}
  m_PrefabAsset: {fileID: 0}
  m_GameObject: {fileID: 687838139}
  m_LocalRotation: {x: 0, y: -0, z: -0, w: 1}
  m_LocalPosition: {x: -0.1156002, y: 0, z: -6.8502546e-16}
  m_LocalScale: {x: 1, y: 1, z: 1}
  m_Children: []
  m_Father: {fileID: 245920126}
  m_RootOrder: 0
  m_LocalEulerAnglesHint: {x: 0, y: 5.2560396, z: 0}
--- !u!1 &1138936325
GameObject:
  m_ObjectHideFlags: 0
  m_CorrespondingSourceObject: {fileID: 0}
  m_PrefabInstance: {fileID: 0}
  m_PrefabAsset: {fileID: 0}
  serializedVersion: 6
  m_Component:
  - component: {fileID: 1138936326}
  m_Layer: 10
  m_Name: curve
  m_TagString: Untagged
  m_Icon: {fileID: 0}
  m_NavMeshLayer: 0
  m_StaticEditorFlags: 0
  m_IsActive: 1
--- !u!4 &1138936326
Transform:
  m_ObjectHideFlags: 0
  m_CorrespondingSourceObject: {fileID: 0}
  m_PrefabInstance: {fileID: 0}
  m_PrefabAsset: {fileID: 0}
  m_GameObject: {fileID: 1138936325}
  m_LocalRotation: {x: 0, y: -0, z: -0, w: 1}
  m_LocalPosition: {x: -0, y: 0, z: 0}
  m_LocalScale: {x: 1, y: 1, z: 1}
  m_Children: []
  m_Father: {fileID: 2118165241}
  m_RootOrder: 1
  m_LocalEulerAnglesHint: {x: 0, y: 0, z: 0}
--- !u!1 &1250948587
GameObject:
  m_ObjectHideFlags: 0
  m_CorrespondingSourceObject: {fileID: 0}
  m_PrefabInstance: {fileID: 0}
  m_PrefabAsset: {fileID: 0}
  serializedVersion: 6
  m_Component:
  - component: {fileID: 1250948588}
  - component: {fileID: 1250948590}
  - component: {fileID: 1250948589}
  - component: {fileID: 3463785913270723169}
  m_Layer: 10
  m_Name: bucket
  m_TagString: Untagged
  m_Icon: {fileID: 0}
  m_NavMeshLayer: 0
  m_StaticEditorFlags: 0
  m_IsActive: 1
--- !u!4 &1250948588
Transform:
  m_ObjectHideFlags: 0
  m_CorrespondingSourceObject: {fileID: 0}
  m_PrefabInstance: {fileID: 0}
  m_PrefabAsset: {fileID: 0}
  m_GameObject: {fileID: 1250948587}
  m_LocalRotation: {x: 0, y: -0, z: -0, w: 1}
  m_LocalPosition: {x: -0, y: 0.19999999, z: 0.0016850661}
  m_LocalScale: {x: 1, y: 1, z: 1}
  m_Children: []
  m_Father: {fileID: 2118165241}
  m_RootOrder: 0
  m_LocalEulerAnglesHint: {x: 0, y: 0, z: 0}
--- !u!33 &1250948590
MeshFilter:
  m_ObjectHideFlags: 0
  m_CorrespondingSourceObject: {fileID: 0}
  m_PrefabInstance: {fileID: 0}
  m_PrefabAsset: {fileID: 0}
  m_GameObject: {fileID: 1250948587}
  m_Mesh: {fileID: 4300002, guid: 0314a234042b3e942ae3a7588a39e75f, type: 3}
--- !u!23 &1250948589
MeshRenderer:
  m_ObjectHideFlags: 0
  m_CorrespondingSourceObject: {fileID: 0}
  m_PrefabInstance: {fileID: 0}
  m_PrefabAsset: {fileID: 0}
  m_GameObject: {fileID: 1250948587}
  m_Enabled: 1
  m_CastShadows: 1
  m_ReceiveShadows: 1
  m_DynamicOccludee: 1
  m_MotionVectors: 1
  m_LightProbeUsage: 1
  m_ReflectionProbeUsage: 1
  m_RenderingLayerMask: 1
  m_RendererPriority: 0
  m_Materials:
  - {fileID: 2100000, guid: 3d2723c1c936b094e915367b2db79243, type: 2}
  m_StaticBatchInfo:
    firstSubMesh: 0
    subMeshCount: 0
  m_StaticBatchRoot: {fileID: 0}
  m_ProbeAnchor: {fileID: 0}
  m_LightProbeVolumeOverride: {fileID: 0}
  m_ScaleInLightmap: 1
  m_PreserveUVs: 0
  m_IgnoreNormalsForChartDetection: 0
  m_ImportantGI: 0
  m_StitchLightmapSeams: 0
  m_SelectedEditorRenderState: 3
  m_MinimumChartSize: 4
  m_AutoUVMaxDistance: 0.5
  m_AutoUVMaxAngle: 89
  m_LightmapParameters: {fileID: 0}
  m_SortingLayerID: 0
  m_SortingLayer: 0
  m_SortingOrder: 0
--- !u!65 &3463785913270723169
BoxCollider:
  m_ObjectHideFlags: 0
  m_CorrespondingSourceObject: {fileID: 0}
  m_PrefabInstance: {fileID: 0}
  m_PrefabAsset: {fileID: 0}
  m_GameObject: {fileID: 1250948587}
  m_Material: {fileID: 0}
  m_IsTrigger: 0
  m_Enabled: 1
  serializedVersion: 2
  m_Size: {x: 0.82, y: 0.8, z: 0.64}
  m_Center: {x: 0, y: 0, z: 0}
--- !u!1 &2118165238
GameObject:
  m_ObjectHideFlags: 0
  m_CorrespondingSourceObject: {fileID: 0}
  m_PrefabInstance: {fileID: 0}
  m_PrefabAsset: {fileID: 0}
  serializedVersion: 6
  m_Component:
  - component: {fileID: 2118165241}
  - component: {fileID: 2118165240}
  - component: {fileID: 2118165239}
  - component: {fileID: 2118165242}
  - component: {fileID: 6911641645570076865}
  m_Layer: 10
  m_Name: fishbucket_animation
  m_TagString: Untagged
  m_Icon: {fileID: 0}
  m_NavMeshLayer: 0
  m_StaticEditorFlags: 0
  m_IsActive: 1
--- !u!4 &2118165241
Transform:
  m_ObjectHideFlags: 0
  m_CorrespondingSourceObject: {fileID: 0}
  m_PrefabInstance: {fileID: 0}
  m_PrefabAsset: {fileID: 0}
  m_GameObject: {fileID: 2118165238}
  m_LocalRotation: {x: 0, y: 0, z: 0, w: 1}
  m_LocalPosition: {x: -0, y: 0, z: 0}
  m_LocalScale: {x: 1, y: 1, z: 1}
  m_Children:
  - {fileID: 1250948588}
  - {fileID: 1138936326}
  - {fileID: 649961134}
  - {fileID: 392234868}
  m_Father: {fileID: 0}
  m_RootOrder: 0
  m_LocalEulerAnglesHint: {x: 0, y: 0, z: 0}
--- !u!95 &2118165240
Animator:
  serializedVersion: 3
  m_ObjectHideFlags: 0
  m_CorrespondingSourceObject: {fileID: 0}
  m_PrefabInstance: {fileID: 0}
  m_PrefabAsset: {fileID: 0}
  m_GameObject: {fileID: 2118165238}
  m_Enabled: 1
  m_Avatar: {fileID: 9000000, guid: 0314a234042b3e942ae3a7588a39e75f, type: 3}
  m_Controller: {fileID: 9100000, guid: c81b348ea082ae24bbe8773e8de11fac, type: 2}
  m_CullingMode: 1
  m_UpdateMode: 0
  m_ApplyRootMotion: 0
  m_LinearVelocityBlending: 0
  m_WarningMessage: 
  m_HasTransformHierarchy: 1
  m_AllowConstantClipSamplingOptimization: 1
  m_KeepAnimatorControllerStateOnDisable: 0
--- !u!114 &2118165239
MonoBehaviour:
  m_ObjectHideFlags: 0
  m_CorrespondingSourceObject: {fileID: 0}
  m_PrefabInstance: {fileID: 0}
  m_PrefabAsset: {fileID: 0}
  m_GameObject: {fileID: 2118165238}
  m_Enabled: 1
  m_EditorHideFlags: 0
  m_Script: {fileID: 11500000, guid: 52043a1396b09ca40b07d3a476b1a749, type: 3}
  m_Name: 
  m_EditorClassIdentifier: 
  animator: {fileID: 2118165240}
  particles: {fileID: 0}
  customParticlesTrigger: 0
  particlesDelay: 0
--- !u!114 &2118165242
MonoBehaviour:
  m_ObjectHideFlags: 0
  m_CorrespondingSourceObject: {fileID: 0}
  m_PrefabInstance: {fileID: 0}
  m_PrefabAsset: {fileID: 0}
  m_GameObject: {fileID: 2118165238}
  m_Enabled: 1
  m_EditorHideFlags: 0
  m_Script: {fileID: 11500000, guid: b62dc8bac0690a44eaf69c645d0f81b7, type: 3}
  m_Name: 
  m_EditorClassIdentifier: 
  sticker: {fileID: 11400000, guid: 1ed00412199f5154f9ab73c3ae3debea, type: 2}
  stickerSpawnTransform: {fileID: 1250948588}
  customTriggerTime: 0
--- !u!114 &6911641645570076865
MonoBehaviour:
  m_ObjectHideFlags: 0
  m_CorrespondingSourceObject: {fileID: 0}
  m_PrefabInstance: {fileID: 0}
  m_PrefabAsset: {fileID: 0}
  m_GameObject: {fileID: 2118165238}
  m_Enabled: 1
  m_EditorHideFlags: 0
  m_Script: {fileID: 11500000, guid: 09bd002600ff9d0408150433fa754ad9, type: 3}
  m_Name: 
  m_EditorClassIdentifier: 
  idleAudioSource: {fileID: 0}
  interactAudioSource: {fileID: 8692455883137545203}
  customIdleSoundTime: 0
  customInteractSoundTime: 0
  minIdleRandomDelay: 0
  maxIdleRandomDelay: 0
--- !u!1001 &6034479341249102767
PrefabInstance:
  m_ObjectHideFlags: 0
  serializedVersion: 2
  m_Modification:
    m_TransformParent: {fileID: 392234868}
    m_Modifications:
    - target: {fileID: 3107211541141581916, guid: e13b29446d351d5469870b3bdb3630f6,
        type: 3}
      propertyPath: m_audioClip
      value: 
      objectReference: {fileID: 8300000, guid: 94ae8dd4d51ef4d458d8112efaad88b2, type: 3}
    - target: {fileID: 4315761567560306457, guid: e13b29446d351d5469870b3bdb3630f6,
        type: 3}
      propertyPath: m_Name
      value: InteractableItemAudioSources
      objectReference: {fileID: 0}
    - target: {fileID: 7749545917773387968, guid: e13b29446d351d5469870b3bdb3630f6,
        type: 3}
      propertyPath: m_LocalPosition.x
      value: 0
      objectReference: {fileID: 0}
    - target: {fileID: 7749545917773387968, guid: e13b29446d351d5469870b3bdb3630f6,
        type: 3}
      propertyPath: m_LocalPosition.y
      value: 0
      objectReference: {fileID: 0}
    - target: {fileID: 7749545917773387968, guid: e13b29446d351d5469870b3bdb3630f6,
        type: 3}
      propertyPath: m_LocalPosition.z
      value: 0
      objectReference: {fileID: 0}
    - target: {fileID: 7749545917773387968, guid: e13b29446d351d5469870b3bdb3630f6,
        type: 3}
      propertyPath: m_LocalRotation.x
      value: 0
      objectReference: {fileID: 0}
    - target: {fileID: 7749545917773387968, guid: e13b29446d351d5469870b3bdb3630f6,
        type: 3}
      propertyPath: m_LocalRotation.y
      value: 0
      objectReference: {fileID: 0}
    - target: {fileID: 7749545917773387968, guid: e13b29446d351d5469870b3bdb3630f6,
        type: 3}
      propertyPath: m_LocalRotation.z
      value: 0
      objectReference: {fileID: 0}
    - target: {fileID: 7749545917773387968, guid: e13b29446d351d5469870b3bdb3630f6,
        type: 3}
      propertyPath: m_LocalRotation.w
      value: 1
      objectReference: {fileID: 0}
    - target: {fileID: 7749545917773387968, guid: e13b29446d351d5469870b3bdb3630f6,
        type: 3}
      propertyPath: m_RootOrder
      value: 1
      objectReference: {fileID: 0}
    - target: {fileID: 7749545917773387968, guid: e13b29446d351d5469870b3bdb3630f6,
        type: 3}
      propertyPath: m_LocalEulerAnglesHint.x
      value: 0
      objectReference: {fileID: 0}
    - target: {fileID: 7749545917773387968, guid: e13b29446d351d5469870b3bdb3630f6,
        type: 3}
      propertyPath: m_LocalEulerAnglesHint.y
      value: 0
      objectReference: {fileID: 0}
    - target: {fileID: 7749545917773387968, guid: e13b29446d351d5469870b3bdb3630f6,
        type: 3}
      propertyPath: m_LocalEulerAnglesHint.z
      value: 0
      objectReference: {fileID: 0}
    m_RemovedComponents: []
  m_SourcePrefab: {fileID: 100100000, guid: e13b29446d351d5469870b3bdb3630f6, type: 3}
--- !u!4 &4050191857808841583 stripped
Transform:
  m_CorrespondingSourceObject: {fileID: 7749545917773387968, guid: e13b29446d351d5469870b3bdb3630f6,
    type: 3}
  m_PrefabInstance: {fileID: 6034479341249102767}
  m_PrefabAsset: {fileID: 0}
--- !u!82 &8692455883137545203 stripped
AudioSource:
  m_CorrespondingSourceObject: {fileID: 3107211541141581916, guid: e13b29446d351d5469870b3bdb3630f6,
    type: 3}
  m_PrefabInstance: {fileID: 6034479341249102767}
  m_PrefabAsset: {fileID: 0}
