%YAML 1.1
%TAG !u! tag:unity3d.com,2011:
--- !u!1 &6240683984320469299
GameObject:
  m_ObjectHideFlags: 0
  m_CorrespondingSourceObject: {fileID: 0}
  m_PrefabInstance: {fileID: 0}
  m_PrefabAsset: {fileID: 0}
  serializedVersion: 6
  m_Component:
  - component: {fileID: 6240683984320469260}
  m_Layer: 0
  m_Name: Flower_tall_group1
  m_TagString: Untagged
  m_Icon: {fileID: 0}
  m_NavMeshLayer: 0
  m_StaticEditorFlags: 0
  m_IsActive: 1
--- !u!4 &6240683984320469260
Transform:
  m_ObjectHideFlags: 0
  m_CorrespondingSourceObject: {fileID: 0}
  m_PrefabInstance: {fileID: 0}
  m_PrefabAsset: {fileID: 0}
  m_GameObject: {fileID: 6240683984320469299}
  m_LocalRotation: {x: -0, y: -0, z: -0, w: 1}
  m_LocalPosition: {x: 1.273737, y: 0.76102304, z: 0.07504511}
  m_LocalScale: {x: 1, y: 1, z: 1}
  m_Children:
  - {fileID: 6240683984146255975}
  - {fileID: 6240683982643802253}
  - {fileID: 6240683983759200010}
  m_Father: {fileID: 0}
  m_RootOrder: 0
  m_LocalEulerAnglesHint: {x: 0, y: 0, z: 0}
--- !u!1001 &6240683982643669519
PrefabInstance:
  m_ObjectHideFlags: 0
  serializedVersion: 2
  m_Modification:
    m_TransformParent: {fileID: 6240683984320469260}
    m_Modifications:
    - target: {fileID: 400002, guid: 5995ab62c86232744ba3ff77e902a449, type: 3}
      propertyPath: m_LocalPosition.x
      value: 0.03799987
      objectReference: {fileID: 0}
    - target: {fileID: 400002, guid: 5995ab62c86232744ba3ff77e902a449, type: 3}
      propertyPath: m_LocalPosition.y
      value: -0.058199883
      objectReference: {fileID: 0}
    - target: {fileID: 400002, guid: 5995ab62c86232744ba3ff77e902a449, type: 3}
      propertyPath: m_LocalPosition.z
      value: 0.02300024
      objectReference: {fileID: 0}
    - target: {fileID: 400002, guid: 5995ab62c86232744ba3ff77e902a449, type: 3}
      propertyPath: m_LocalRotation.x
      value: -0.06776195
      objectReference: {fileID: 0}
    - target: {fileID: 400002, guid: 5995ab62c86232744ba3ff77e902a449, type: 3}
      propertyPath: m_LocalRotation.y
      value: -0.2980213
      objectReference: {fileID: 0}
    - target: {fileID: 400002, guid: 5995ab62c86232744ba3ff77e902a449, type: 3}
      propertyPath: m_LocalRotation.z
      value: -0.027205564
      objectReference: {fileID: 0}
    - target: {fileID: 400002, guid: 5995ab62c86232744ba3ff77e902a449, type: 3}
      propertyPath: m_LocalRotation.w
      value: 0.9517624
      objectReference: {fileID: 0}
    - target: {fileID: 400002, guid: 5995ab62c86232744ba3ff77e902a449, type: 3}
      propertyPath: m_RootOrder
      value: 1
      objectReference: {fileID: 0}
    - target: {fileID: 400002, guid: 5995ab62c86232744ba3ff77e902a449, type: 3}
      propertyPath: m_LocalEulerAnglesHint.x
      value: -8.349
      objectReference: {fileID: 0}
    - target: {fileID: 400002, guid: 5995ab62c86232744ba3ff77e902a449, type: 3}
      propertyPath: m_LocalEulerAnglesHint.y
      value: -34.725002
      objectReference: {fileID: 0}
    - target: {fileID: 400002, guid: 5995ab62c86232744ba3ff77e902a449, type: 3}
      propertyPath: m_LocalEulerAnglesHint.z
      value: -0.66
      objectReference: {fileID: 0}
    - target: {fileID: 400002, guid: 5995ab62c86232744ba3ff77e902a449, type: 3}
      propertyPath: m_LocalScale.x
      value: 0.9100002
      objectReference: {fileID: 0}
    - target: {fileID: 400002, guid: 5995ab62c86232744ba3ff77e902a449, type: 3}
      propertyPath: m_LocalScale.y
      value: 0.91000026
      objectReference: {fileID: 0}
    - target: {fileID: 400002, guid: 5995ab62c86232744ba3ff77e902a449, type: 3}
      propertyPath: m_LocalScale.z
      value: 0.91
      objectReference: {fileID: 0}
    - target: {fileID: 100002, guid: 5995ab62c86232744ba3ff77e902a449, type: 3}
      propertyPath: m_Name
      value: flower2_v1 (1)
      objectReference: {fileID: 0}
    m_RemovedComponents: []
  m_SourcePrefab: {fileID: 100100000, guid: 5995ab62c86232744ba3ff77e902a449, type: 3}
--- !u!4 &6240683982643802253 stripped
Transform:
  m_CorrespondingSourceObject: {fileID: 400002, guid: 5995ab62c86232744ba3ff77e902a449,
    type: 3}
  m_PrefabInstance: {fileID: 6240683982643669519}
  m_PrefabAsset: {fileID: 0}
--- !u!1001 &6240683983758808456
PrefabInstance:
  m_ObjectHideFlags: 0
  serializedVersion: 2
  m_Modification:
    m_TransformParent: {fileID: 6240683984320469260}
    m_Modifications:
    - target: {fileID: 400002, guid: 1b2fd25ad35e3174cb9c4ce042365927, type: 3}
      propertyPath: m_LocalPosition.x
      value: -0.003000021
      objectReference: {fileID: 0}
    - target: {fileID: 400002, guid: 1b2fd25ad35e3174cb9c4ce042365927, type: 3}
      propertyPath: m_LocalPosition.y
      value: -0.047199965
      objectReference: {fileID: 0}
    - target: {fileID: 400002, guid: 1b2fd25ad35e3174cb9c4ce042365927, type: 3}
      propertyPath: m_LocalPosition.z
      value: -0.06500006
      objectReference: {fileID: 0}
    - target: {fileID: 400002, guid: 1b2fd25ad35e3174cb9c4ce042365927, type: 3}
      propertyPath: m_LocalRotation.x
      value: -0
      objectReference: {fileID: 0}
    - target: {fileID: 400002, guid: 1b2fd25ad35e3174cb9c4ce042365927, type: 3}
      propertyPath: m_LocalRotation.y
      value: -0
      objectReference: {fileID: 0}
    - target: {fileID: 400002, guid: 1b2fd25ad35e3174cb9c4ce042365927, type: 3}
      propertyPath: m_LocalRotation.z
      value: -0
      objectReference: {fileID: 0}
    - target: {fileID: 400002, guid: 1b2fd25ad35e3174cb9c4ce042365927, type: 3}
      propertyPath: m_LocalRotation.w
      value: 1
      objectReference: {fileID: 0}
    - target: {fileID: 400002, guid: 1b2fd25ad35e3174cb9c4ce042365927, type: 3}
      propertyPath: m_RootOrder
      value: 2
      objectReference: {fileID: 0}
    - target: {fileID: 400002, guid: 1b2fd25ad35e3174cb9c4ce042365927, type: 3}
      propertyPath: m_LocalEulerAnglesHint.x
      value: 0
      objectReference: {fileID: 0}
    - target: {fileID: 400002, guid: 1b2fd25ad35e3174cb9c4ce042365927, type: 3}
      propertyPath: m_LocalEulerAnglesHint.y
      value: 0
      objectReference: {fileID: 0}
    - target: {fileID: 400002, guid: 1b2fd25ad35e3174cb9c4ce042365927, type: 3}
      propertyPath: m_LocalEulerAnglesHint.z
      value: 0
      objectReference: {fileID: 0}
    - target: {fileID: 100002, guid: 1b2fd25ad35e3174cb9c4ce042365927, type: 3}
      propertyPath: m_Name
      value: flower2_v2 (1)
      objectReference: {fileID: 0}
    m_RemovedComponents: []
  m_SourcePrefab: {fileID: 100100000, guid: 1b2fd25ad35e3174cb9c4ce042365927, type: 3}
--- !u!4 &6240683983759200010 stripped
Transform:
  m_CorrespondingSourceObject: {fileID: 400002, guid: 1b2fd25ad35e3174cb9c4ce042365927,
    type: 3}
  m_PrefabInstance: {fileID: 6240683983758808456}
  m_PrefabAsset: {fileID: 0}
--- !u!1001 &6240683984146647781
PrefabInstance:
  m_ObjectHideFlags: 0
  serializedVersion: 2
  m_Modification:
    m_TransformParent: {fileID: 6240683984320469260}
    m_Modifications:
    - target: {fileID: 400002, guid: 5995ab62c86232744ba3ff77e902a449, type: 3}
      propertyPath: m_LocalPosition.x
      value: -0.08300018
      objectReference: {fileID: 0}
    - target: {fileID: 400002, guid: 5995ab62c86232744ba3ff77e902a449, type: 3}
      propertyPath: m_LocalPosition.y
      value: -0.05920005
      objectReference: {fileID: 0}
    - target: {fileID: 400002, guid: 5995ab62c86232744ba3ff77e902a449, type: 3}
      propertyPath: m_LocalPosition.z
      value: 0.05100012
      objectReference: {fileID: 0}
    - target: {fileID: 400002, guid: 5995ab62c86232744ba3ff77e902a449, type: 3}
      propertyPath: m_LocalRotation.x
      value: -0
      objectReference: {fileID: 0}
    - target: {fileID: 400002, guid: 5995ab62c86232744ba3ff77e902a449, type: 3}
      propertyPath: m_LocalRotation.y
      value: 0.6282944
      objectReference: {fileID: 0}
    - target: {fileID: 400002, guid: 5995ab62c86232744ba3ff77e902a449, type: 3}
      propertyPath: m_LocalRotation.z
      value: -0
      objectReference: {fileID: 0}
    - target: {fileID: 400002, guid: 5995ab62c86232744ba3ff77e902a449, type: 3}
      propertyPath: m_LocalRotation.w
      value: 0.7779757
      objectReference: {fileID: 0}
    - target: {fileID: 400002, guid: 5995ab62c86232744ba3ff77e902a449, type: 3}
      propertyPath: m_RootOrder
      value: 0
      objectReference: {fileID: 0}
    - target: {fileID: 400002, guid: 5995ab62c86232744ba3ff77e902a449, type: 3}
      propertyPath: m_LocalEulerAnglesHint.x
      value: 0
      objectReference: {fileID: 0}
    - target: {fileID: 400002, guid: 5995ab62c86232744ba3ff77e902a449, type: 3}
      propertyPath: m_LocalEulerAnglesHint.y
      value: 77.84901
      objectReference: {fileID: 0}
    - target: {fileID: 400002, guid: 5995ab62c86232744ba3ff77e902a449, type: 3}
      propertyPath: m_LocalEulerAnglesHint.z
      value: 0
      objectReference: {fileID: 0}
    - target: {fileID: 100002, guid: 5995ab62c86232744ba3ff77e902a449, type: 3}
      propertyPath: m_Name
      value: flower2_v1
      objectReference: {fileID: 0}
    m_RemovedComponents: []
  m_SourcePrefab: {fileID: 100100000, guid: 5995ab62c86232744ba3ff77e902a449, type: 3}
--- !u!4 &6240683984146255975 stripped
Transform:
  m_CorrespondingSourceObject: {fileID: 400002, guid: 5995ab62c86232744ba3ff77e902a449,
    type: 3}
  m_PrefabInstance: {fileID: 6240683984146647781}
  m_PrefabAsset: {fileID: 0}
