%YAML 1.1
%TAG !u! tag:unity3d.com,2011:
--- !u!1 &977841040981604352
GameObject:
  m_ObjectHideFlags: 0
  m_CorrespondingSourceObject: {fileID: 0}
  m_PrefabInstance: {fileID: 0}
  m_PrefabAsset: {fileID: 0}
  serializedVersion: 6
  m_Component:
  - component: {fileID: 5345992932988147146}
  m_Layer: 0
  m_Name: Grass_trim
  m_TagString: Untagged
  m_Icon: {fileID: 0}
  m_NavMeshLayer: 0
  m_StaticEditorFlags: 0
  m_IsActive: 1
--- !u!4 &5345992932988147146
Transform:
  m_ObjectHideFlags: 0
  m_CorrespondingSourceObject: {fileID: 0}
  m_PrefabInstance: {fileID: 0}
  m_PrefabAsset: {fileID: 0}
  m_GameObject: {fileID: 977841040981604352}
  m_LocalRotation: {x: 0, y: 0, z: 0, w: 1}
  m_LocalPosition: {x: 0, y: 0, z: 0}
  m_LocalScale: {x: 1, y: 1, z: 1}
  m_Children:
  - {fileID: 2524389999270455752}
  - {fileID: 3491716084432931838}
  - {fileID: 409863031444772108}
  - {fileID: 8337663299146193009}
  - {fileID: 493998297087493101}
  - {fileID: 2360681498707803443}
  - {fileID: 1195005366853303234}
  m_Father: {fileID: 0}
  m_RootOrder: 0
  m_LocalEulerAnglesHint: {x: 0, y: 0, z: 0}
--- !u!1001 &409863031444639628
PrefabInstance:
  m_ObjectHideFlags: 0
  serializedVersion: 2
  m_Modification:
    m_TransformParent: {fileID: 5345992932988147146}
    m_Modifications:
    - target: {fileID: 100000, guid: 2e1efc995c46e614a856081c06479551, type: 3}
      propertyPath: m_Name
      value: grass_2 (3)
      objectReference: {fileID: 0}
    - target: {fileID: 400000, guid: 2e1efc995c46e614a856081c06479551, type: 3}
      propertyPath: m_LocalPosition.x
      value: 4.509
      objectReference: {fileID: 0}
    - target: {fileID: 400000, guid: 2e1efc995c46e614a856081c06479551, type: 3}
      propertyPath: m_LocalPosition.y
      value: 2.4148
      objectReference: {fileID: 0}
    - target: {fileID: 400000, guid: 2e1efc995c46e614a856081c06479551, type: 3}
      propertyPath: m_LocalPosition.z
      value: -7.086
      objectReference: {fileID: 0}
    - target: {fileID: 400000, guid: 2e1efc995c46e614a856081c06479551, type: 3}
      propertyPath: m_LocalRotation.x
      value: -0
      objectReference: {fileID: 0}
    - target: {fileID: 400000, guid: 2e1efc995c46e614a856081c06479551, type: 3}
      propertyPath: m_LocalRotation.y
      value: -0.44548735
      objectReference: {fileID: 0}
    - target: {fileID: 400000, guid: 2e1efc995c46e614a856081c06479551, type: 3}
      propertyPath: m_LocalRotation.z
      value: -0
      objectReference: {fileID: 0}
    - target: {fileID: 400000, guid: 2e1efc995c46e614a856081c06479551, type: 3}
      propertyPath: m_LocalRotation.w
      value: -0.8952883
      objectReference: {fileID: 0}
    - target: {fileID: 400000, guid: 2e1efc995c46e614a856081c06479551, type: 3}
      propertyPath: m_RootOrder
      value: 2
      objectReference: {fileID: 0}
    - target: {fileID: 400000, guid: 2e1efc995c46e614a856081c06479551, type: 3}
      propertyPath: m_LocalEulerAnglesHint.x
      value: 0
      objectReference: {fileID: 0}
    - target: {fileID: 400000, guid: 2e1efc995c46e614a856081c06479551, type: 3}
      propertyPath: m_LocalEulerAnglesHint.y
      value: -307.091
      objectReference: {fileID: 0}
    - target: {fileID: 400000, guid: 2e1efc995c46e614a856081c06479551, type: 3}
      propertyPath: m_LocalEulerAnglesHint.z
      value: 0
      objectReference: {fileID: 0}
    - target: {fileID: 2300000, guid: 2e1efc995c46e614a856081c06479551, type: 3}
      propertyPath: m_Materials.Array.data[0]
      value: 
      objectReference: {fileID: 2100000, guid: 3d2723c1c936b094e915367b2db79243, type: 2}
    m_RemovedComponents: []
  m_SourcePrefab: {fileID: 100100000, guid: 2e1efc995c46e614a856081c06479551, type: 3}
--- !u!4 &409863031444772108 stripped
Transform:
  m_CorrespondingSourceObject: {fileID: 400000, guid: 2e1efc995c46e614a856081c06479551,
    type: 3}
  m_PrefabInstance: {fileID: 409863031444639628}
  m_PrefabAsset: {fileID: 0}
--- !u!1001 &493998297087367533
PrefabInstance:
  m_ObjectHideFlags: 0
  serializedVersion: 2
  m_Modification:
    m_TransformParent: {fileID: 5345992932988147146}
    m_Modifications:
    - target: {fileID: 100000, guid: beb1d5938a6ea4f469ae325b21b80eb9, type: 3}
      propertyPath: m_Name
      value: grass_1 (2)
      objectReference: {fileID: 0}
    - target: {fileID: 400000, guid: beb1d5938a6ea4f469ae325b21b80eb9, type: 3}
      propertyPath: m_LocalPosition.x
      value: 4.444
      objectReference: {fileID: 0}
    - target: {fileID: 400000, guid: beb1d5938a6ea4f469ae325b21b80eb9, type: 3}
      propertyPath: m_LocalPosition.y
      value: 2.376
      objectReference: {fileID: 0}
    - target: {fileID: 400000, guid: beb1d5938a6ea4f469ae325b21b80eb9, type: 3}
      propertyPath: m_LocalPosition.z
      value: -7.259
      objectReference: {fileID: 0}
    - target: {fileID: 400000, guid: beb1d5938a6ea4f469ae325b21b80eb9, type: 3}
      propertyPath: m_LocalRotation.x
      value: -0
      objectReference: {fileID: 0}
    - target: {fileID: 400000, guid: beb1d5938a6ea4f469ae325b21b80eb9, type: 3}
      propertyPath: m_LocalRotation.y
      value: -0
      objectReference: {fileID: 0}
    - target: {fileID: 400000, guid: beb1d5938a6ea4f469ae325b21b80eb9, type: 3}
      propertyPath: m_LocalRotation.z
      value: -0
      objectReference: {fileID: 0}
    - target: {fileID: 400000, guid: beb1d5938a6ea4f469ae325b21b80eb9, type: 3}
      propertyPath: m_LocalRotation.w
      value: 1
      objectReference: {fileID: 0}
    - target: {fileID: 400000, guid: beb1d5938a6ea4f469ae325b21b80eb9, type: 3}
      propertyPath: m_RootOrder
      value: 4
      objectReference: {fileID: 0}
    - target: {fileID: 400000, guid: beb1d5938a6ea4f469ae325b21b80eb9, type: 3}
      propertyPath: m_LocalEulerAnglesHint.x
      value: 0
      objectReference: {fileID: 0}
    - target: {fileID: 400000, guid: beb1d5938a6ea4f469ae325b21b80eb9, type: 3}
      propertyPath: m_LocalEulerAnglesHint.y
      value: 0
      objectReference: {fileID: 0}
    - target: {fileID: 400000, guid: beb1d5938a6ea4f469ae325b21b80eb9, type: 3}
      propertyPath: m_LocalEulerAnglesHint.z
      value: 0
      objectReference: {fileID: 0}
    - target: {fileID: 2300000, guid: beb1d5938a6ea4f469ae325b21b80eb9, type: 3}
      propertyPath: m_Materials.Array.data[0]
      value: 
      objectReference: {fileID: 2100000, guid: 3d2723c1c936b094e915367b2db79243, type: 2}
    m_RemovedComponents: []
  m_SourcePrefab: {fileID: 100100000, guid: beb1d5938a6ea4f469ae325b21b80eb9, type: 3}
--- !u!4 &493998297087493101 stripped
Transform:
  m_CorrespondingSourceObject: {fileID: 400000, guid: beb1d5938a6ea4f469ae325b21b80eb9,
    type: 3}
  m_PrefabInstance: {fileID: 493998297087367533}
  m_PrefabAsset: {fileID: 0}
--- !u!1001 &1195005366853689666
PrefabInstance:
  m_ObjectHideFlags: 0
  serializedVersion: 2
  m_Modification:
    m_TransformParent: {fileID: 5345992932988147146}
    m_Modifications:
    - target: {fileID: 100000, guid: 3b13e6a4964d0c746bc22ea6662e580b, type: 3}
      propertyPath: m_Name
      value: grass_3 (2)
      objectReference: {fileID: 0}
    - target: {fileID: 400000, guid: 3b13e6a4964d0c746bc22ea6662e580b, type: 3}
      propertyPath: m_LocalPosition.x
      value: 4.5320315
      objectReference: {fileID: 0}
    - target: {fileID: 400000, guid: 3b13e6a4964d0c746bc22ea6662e580b, type: 3}
      propertyPath: m_LocalPosition.y
      value: 2.374
      objectReference: {fileID: 0}
    - target: {fileID: 400000, guid: 3b13e6a4964d0c746bc22ea6662e580b, type: 3}
      propertyPath: m_LocalPosition.z
      value: -6.681
      objectReference: {fileID: 0}
    - target: {fileID: 400000, guid: 3b13e6a4964d0c746bc22ea6662e580b, type: 3}
      propertyPath: m_LocalRotation.x
      value: -0
      objectReference: {fileID: 0}
    - target: {fileID: 400000, guid: 3b13e6a4964d0c746bc22ea6662e580b, type: 3}
      propertyPath: m_LocalRotation.y
      value: -0.6509068
      objectReference: {fileID: 0}
    - target: {fileID: 400000, guid: 3b13e6a4964d0c746bc22ea6662e580b, type: 3}
      propertyPath: m_LocalRotation.z
      value: -0
      objectReference: {fileID: 0}
    - target: {fileID: 400000, guid: 3b13e6a4964d0c746bc22ea6662e580b, type: 3}
      propertyPath: m_LocalRotation.w
      value: 0.75915766
      objectReference: {fileID: 0}
    - target: {fileID: 400000, guid: 3b13e6a4964d0c746bc22ea6662e580b, type: 3}
      propertyPath: m_RootOrder
      value: 6
      objectReference: {fileID: 0}
    - target: {fileID: 400000, guid: 3b13e6a4964d0c746bc22ea6662e580b, type: 3}
      propertyPath: m_LocalEulerAnglesHint.x
      value: 0
      objectReference: {fileID: 0}
    - target: {fileID: 400000, guid: 3b13e6a4964d0c746bc22ea6662e580b, type: 3}
      propertyPath: m_LocalEulerAnglesHint.y
      value: -81.22
      objectReference: {fileID: 0}
    - target: {fileID: 400000, guid: 3b13e6a4964d0c746bc22ea6662e580b, type: 3}
      propertyPath: m_LocalEulerAnglesHint.z
      value: 0
      objectReference: {fileID: 0}
    - target: {fileID: 400000, guid: 3b13e6a4964d0c746bc22ea6662e580b, type: 3}
      propertyPath: m_LocalScale.x
      value: 1
      objectReference: {fileID: 0}
    - target: {fileID: 400000, guid: 3b13e6a4964d0c746bc22ea6662e580b, type: 3}
      propertyPath: m_LocalScale.z
      value: 1
      objectReference: {fileID: 0}
    - target: {fileID: 2300000, guid: 3b13e6a4964d0c746bc22ea6662e580b, type: 3}
      propertyPath: m_Materials.Array.data[0]
      value: 
      objectReference: {fileID: 2100000, guid: 3d2723c1c936b094e915367b2db79243, type: 2}
    m_RemovedComponents: []
  m_SourcePrefab: {fileID: 100100000, guid: 3b13e6a4964d0c746bc22ea6662e580b, type: 3}
--- !u!4 &1195005366853303234 stripped
Transform:
  m_CorrespondingSourceObject: {fileID: 400000, guid: 3b13e6a4964d0c746bc22ea6662e580b,
    type: 3}
  m_PrefabInstance: {fileID: 1195005366853689666}
  m_PrefabAsset: {fileID: 0}
--- !u!1001 &2360681498708191155
PrefabInstance:
  m_ObjectHideFlags: 0
  serializedVersion: 2
  m_Modification:
    m_TransformParent: {fileID: 5345992932988147146}
    m_Modifications:
    - target: {fileID: 100000, guid: 3b13e6a4964d0c746bc22ea6662e580b, type: 3}
      propertyPath: m_Name
      value: grass_3 (1)
      objectReference: {fileID: 0}
    - target: {fileID: 400000, guid: 3b13e6a4964d0c746bc22ea6662e580b, type: 3}
      propertyPath: m_LocalPosition.x
      value: 4.436132
      objectReference: {fileID: 0}
    - target: {fileID: 400000, guid: 3b13e6a4964d0c746bc22ea6662e580b, type: 3}
      propertyPath: m_LocalPosition.y
      value: 2.403
      objectReference: {fileID: 0}
    - target: {fileID: 400000, guid: 3b13e6a4964d0c746bc22ea6662e580b, type: 3}
      propertyPath: m_LocalPosition.z
      value: -7.385
      objectReference: {fileID: 0}
    - target: {fileID: 400000, guid: 3b13e6a4964d0c746bc22ea6662e580b, type: 3}
      propertyPath: m_LocalRotation.x
      value: -0
      objectReference: {fileID: 0}
    - target: {fileID: 400000, guid: 3b13e6a4964d0c746bc22ea6662e580b, type: 3}
      propertyPath: m_LocalRotation.y
      value: -0
      objectReference: {fileID: 0}
    - target: {fileID: 400000, guid: 3b13e6a4964d0c746bc22ea6662e580b, type: 3}
      propertyPath: m_LocalRotation.z
      value: -0
      objectReference: {fileID: 0}
    - target: {fileID: 400000, guid: 3b13e6a4964d0c746bc22ea6662e580b, type: 3}
      propertyPath: m_LocalRotation.w
      value: 1
      objectReference: {fileID: 0}
    - target: {fileID: 400000, guid: 3b13e6a4964d0c746bc22ea6662e580b, type: 3}
      propertyPath: m_RootOrder
      value: 5
      objectReference: {fileID: 0}
    - target: {fileID: 400000, guid: 3b13e6a4964d0c746bc22ea6662e580b, type: 3}
      propertyPath: m_LocalEulerAnglesHint.x
      value: 0
      objectReference: {fileID: 0}
    - target: {fileID: 400000, guid: 3b13e6a4964d0c746bc22ea6662e580b, type: 3}
      propertyPath: m_LocalEulerAnglesHint.y
      value: 0
      objectReference: {fileID: 0}
    - target: {fileID: 400000, guid: 3b13e6a4964d0c746bc22ea6662e580b, type: 3}
      propertyPath: m_LocalEulerAnglesHint.z
      value: 0
      objectReference: {fileID: 0}
    - target: {fileID: 2300000, guid: 3b13e6a4964d0c746bc22ea6662e580b, type: 3}
      propertyPath: m_Materials.Array.data[0]
      value: 
      objectReference: {fileID: 2100000, guid: 3d2723c1c936b094e915367b2db79243, type: 2}
    m_RemovedComponents: []
  m_SourcePrefab: {fileID: 100100000, guid: 3b13e6a4964d0c746bc22ea6662e580b, type: 3}
--- !u!4 &2360681498707803443 stripped
Transform:
  m_CorrespondingSourceObject: {fileID: 400000, guid: 3b13e6a4964d0c746bc22ea6662e580b,
    type: 3}
  m_PrefabInstance: {fileID: 2360681498708191155}
  m_PrefabAsset: {fileID: 0}
--- !u!1001 &2524389999270851400
PrefabInstance:
  m_ObjectHideFlags: 0
  serializedVersion: 2
  m_Modification:
    m_TransformParent: {fileID: 5345992932988147146}
    m_Modifications:
    - target: {fileID: 100000, guid: 2e1efc995c46e614a856081c06479551, type: 3}
      propertyPath: m_Name
      value: grass_2 (1)
      objectReference: {fileID: 0}
    - target: {fileID: 400000, guid: 2e1efc995c46e614a856081c06479551, type: 3}
      propertyPath: m_LocalPosition.x
      value: 4.489
      objectReference: {fileID: 0}
    - target: {fileID: 400000, guid: 2e1efc995c46e614a856081c06479551, type: 3}
      propertyPath: m_LocalPosition.y
      value: 2.424
      objectReference: {fileID: 0}
    - target: {fileID: 400000, guid: 2e1efc995c46e614a856081c06479551, type: 3}
      propertyPath: m_LocalPosition.z
      value: -7.251
      objectReference: {fileID: 0}
    - target: {fileID: 400000, guid: 2e1efc995c46e614a856081c06479551, type: 3}
      propertyPath: m_LocalRotation.x
      value: -0
      objectReference: {fileID: 0}
    - target: {fileID: 400000, guid: 2e1efc995c46e614a856081c06479551, type: 3}
      propertyPath: m_LocalRotation.y
      value: -0
      objectReference: {fileID: 0}
    - target: {fileID: 400000, guid: 2e1efc995c46e614a856081c06479551, type: 3}
      propertyPath: m_LocalRotation.z
      value: -0
      objectReference: {fileID: 0}
    - target: {fileID: 400000, guid: 2e1efc995c46e614a856081c06479551, type: 3}
      propertyPath: m_LocalRotation.w
      value: 1
      objectReference: {fileID: 0}
    - target: {fileID: 400000, guid: 2e1efc995c46e614a856081c06479551, type: 3}
      propertyPath: m_RootOrder
      value: 0
      objectReference: {fileID: 0}
    - target: {fileID: 400000, guid: 2e1efc995c46e614a856081c06479551, type: 3}
      propertyPath: m_LocalEulerAnglesHint.x
      value: 0
      objectReference: {fileID: 0}
    - target: {fileID: 400000, guid: 2e1efc995c46e614a856081c06479551, type: 3}
      propertyPath: m_LocalEulerAnglesHint.y
      value: 0
      objectReference: {fileID: 0}
    - target: {fileID: 400000, guid: 2e1efc995c46e614a856081c06479551, type: 3}
      propertyPath: m_LocalEulerAnglesHint.z
      value: 0
      objectReference: {fileID: 0}
    - target: {fileID: 2300000, guid: 2e1efc995c46e614a856081c06479551, type: 3}
      propertyPath: m_Materials.Array.data[0]
      value: 
      objectReference: {fileID: 2100000, guid: 3d2723c1c936b094e915367b2db79243, type: 2}
    m_RemovedComponents: []
  m_SourcePrefab: {fileID: 100100000, guid: 2e1efc995c46e614a856081c06479551, type: 3}
--- !u!4 &2524389999270455752 stripped
Transform:
  m_CorrespondingSourceObject: {fileID: 400000, guid: 2e1efc995c46e614a856081c06479551,
    type: 3}
  m_PrefabInstance: {fileID: 2524389999270851400}
  m_PrefabAsset: {fileID: 0}
--- !u!1001 &3491716084432802174
PrefabInstance:
  m_ObjectHideFlags: 0
  serializedVersion: 2
  m_Modification:
    m_TransformParent: {fileID: 5345992932988147146}
    m_Modifications:
    - target: {fileID: 100000, guid: 2e1efc995c46e614a856081c06479551, type: 3}
      propertyPath: m_Name
      value: grass_2 (2)
      objectReference: {fileID: 0}
    - target: {fileID: 400000, guid: 2e1efc995c46e614a856081c06479551, type: 3}
      propertyPath: m_LocalPosition.x
      value: 4.529
      objectReference: {fileID: 0}
    - target: {fileID: 400000, guid: 2e1efc995c46e614a856081c06479551, type: 3}
      propertyPath: m_LocalPosition.y
      value: 2.4142
      objectReference: {fileID: 0}
    - target: {fileID: 400000, guid: 2e1efc995c46e614a856081c06479551, type: 3}
      propertyPath: m_LocalPosition.z
      value: -7.02
      objectReference: {fileID: 0}
    - target: {fileID: 400000, guid: 2e1efc995c46e614a856081c06479551, type: 3}
      propertyPath: m_LocalRotation.x
      value: -0
      objectReference: {fileID: 0}
    - target: {fileID: 400000, guid: 2e1efc995c46e614a856081c06479551, type: 3}
      propertyPath: m_LocalRotation.y
      value: -0.990416
      objectReference: {fileID: 0}
    - target: {fileID: 400000, guid: 2e1efc995c46e614a856081c06479551, type: 3}
      propertyPath: m_LocalRotation.z
      value: -0
      objectReference: {fileID: 0}
    - target: {fileID: 400000, guid: 2e1efc995c46e614a856081c06479551, type: 3}
      propertyPath: m_LocalRotation.w
      value: -0.13811697
      objectReference: {fileID: 0}
    - target: {fileID: 400000, guid: 2e1efc995c46e614a856081c06479551, type: 3}
      propertyPath: m_RootOrder
      value: 1
      objectReference: {fileID: 0}
    - target: {fileID: 400000, guid: 2e1efc995c46e614a856081c06479551, type: 3}
      propertyPath: m_LocalEulerAnglesHint.x
      value: 0
      objectReference: {fileID: 0}
    - target: {fileID: 400000, guid: 2e1efc995c46e614a856081c06479551, type: 3}
      propertyPath: m_LocalEulerAnglesHint.y
      value: -195.87799
      objectReference: {fileID: 0}
    - target: {fileID: 400000, guid: 2e1efc995c46e614a856081c06479551, type: 3}
      propertyPath: m_LocalEulerAnglesHint.z
      value: 0
      objectReference: {fileID: 0}
    - target: {fileID: 400000, guid: 2e1efc995c46e614a856081c06479551, type: 3}
      propertyPath: m_LocalScale.x
      value: 1
      objectReference: {fileID: 0}
    - target: {fileID: 400000, guid: 2e1efc995c46e614a856081c06479551, type: 3}
      propertyPath: m_LocalScale.z
      value: 1
      objectReference: {fileID: 0}
    - target: {fileID: 2300000, guid: 2e1efc995c46e614a856081c06479551, type: 3}
      propertyPath: m_Materials.Array.data[0]
      value: 
      objectReference: {fileID: 2100000, guid: 3d2723c1c936b094e915367b2db79243, type: 2}
    m_RemovedComponents: []
  m_SourcePrefab: {fileID: 100100000, guid: 2e1efc995c46e614a856081c06479551, type: 3}
--- !u!4 &3491716084432931838 stripped
Transform:
  m_CorrespondingSourceObject: {fileID: 400000, guid: 2e1efc995c46e614a856081c06479551,
    type: 3}
  m_PrefabInstance: {fileID: 3491716084432802174}
  m_PrefabAsset: {fileID: 0}
--- !u!1001 &8337663299146318577
PrefabInstance:
  m_ObjectHideFlags: 0
  serializedVersion: 2
  m_Modification:
    m_TransformParent: {fileID: 5345992932988147146}
    m_Modifications:
    - target: {fileID: 100000, guid: beb1d5938a6ea4f469ae325b21b80eb9, type: 3}
      propertyPath: m_Name
      value: grass_1 (1)
      objectReference: {fileID: 0}
    - target: {fileID: 400000, guid: beb1d5938a6ea4f469ae325b21b80eb9, type: 3}
      propertyPath: m_LocalPosition.x
      value: 4.532
      objectReference: {fileID: 0}
    - target: {fileID: 400000, guid: beb1d5938a6ea4f469ae325b21b80eb9, type: 3}
      propertyPath: m_LocalPosition.y
      value: 2.376
      objectReference: {fileID: 0}
    - target: {fileID: 400000, guid: beb1d5938a6ea4f469ae325b21b80eb9, type: 3}
      propertyPath: m_LocalPosition.z
      value: -6.79
      objectReference: {fileID: 0}
    - target: {fileID: 400000, guid: beb1d5938a6ea4f469ae325b21b80eb9, type: 3}
      propertyPath: m_LocalRotation.x
      value: -0
      objectReference: {fileID: 0}
    - target: {fileID: 400000, guid: beb1d5938a6ea4f469ae325b21b80eb9, type: 3}
      propertyPath: m_LocalRotation.y
      value: -0
      objectReference: {fileID: 0}
    - target: {fileID: 400000, guid: beb1d5938a6ea4f469ae325b21b80eb9, type: 3}
      propertyPath: m_LocalRotation.z
      value: -0
      objectReference: {fileID: 0}
    - target: {fileID: 400000, guid: beb1d5938a6ea4f469ae325b21b80eb9, type: 3}
      propertyPath: m_LocalRotation.w
      value: 1
      objectReference: {fileID: 0}
    - target: {fileID: 400000, guid: beb1d5938a6ea4f469ae325b21b80eb9, type: 3}
      propertyPath: m_RootOrder
      value: 3
      objectReference: {fileID: 0}
    - target: {fileID: 400000, guid: beb1d5938a6ea4f469ae325b21b80eb9, type: 3}
      propertyPath: m_LocalEulerAnglesHint.x
      value: 0
      objectReference: {fileID: 0}
    - target: {fileID: 400000, guid: beb1d5938a6ea4f469ae325b21b80eb9, type: 3}
      propertyPath: m_LocalEulerAnglesHint.y
      value: 0
      objectReference: {fileID: 0}
    - target: {fileID: 400000, guid: beb1d5938a6ea4f469ae325b21b80eb9, type: 3}
      propertyPath: m_LocalEulerAnglesHint.z
      value: 0
      objectReference: {fileID: 0}
    - target: {fileID: 2300000, guid: beb1d5938a6ea4f469ae325b21b80eb9, type: 3}
      propertyPath: m_Materials.Array.data[0]
      value: 
      objectReference: {fileID: 2100000, guid: 3d2723c1c936b094e915367b2db79243, type: 2}
    m_RemovedComponents: []
  m_SourcePrefab: {fileID: 100100000, guid: beb1d5938a6ea4f469ae325b21b80eb9, type: 3}
--- !u!4 &8337663299146193009 stripped
Transform:
  m_CorrespondingSourceObject: {fileID: 400000, guid: beb1d5938a6ea4f469ae325b21b80eb9,
    type: 3}
  m_PrefabInstance: {fileID: 8337663299146318577}
  m_PrefabAsset: {fileID: 0}
