%YAML 1.1
%TAG !u! tag:unity3d.com,2011:
--- !u!1 &8155709010124369068
GameObject:
  m_ObjectHideFlags: 0
  m_CorrespondingSourceObject: {fileID: 0}
  m_PrefabInstance: {fileID: 0}
  m_PrefabAsset: {fileID: 0}
  serializedVersion: 6
  m_Component:
  - component: {fileID: 1079234495502437481}
  m_Layer: 0
  m_Name: Mountaintop_flowers
  m_TagString: Untagged
  m_Icon: {fileID: 0}
  m_NavMeshLayer: 0
  m_StaticEditorFlags: 0
  m_IsActive: 1
--- !u!4 &1079234495502437481
Transform:
  m_ObjectHideFlags: 0
  m_CorrespondingSourceObject: {fileID: 0}
  m_PrefabInstance: {fileID: 0}
  m_PrefabAsset: {fileID: 0}
  m_GameObject: {fileID: 8155709010124369068}
  m_LocalRotation: {x: 0, y: 0, z: 0, w: 1}
  m_LocalPosition: {x: 0, y: 0, z: 0}
  m_LocalScale: {x: 1, y: 1, z: 1}
  m_Children:
  - {fileID: 7635392226496036693}
  - {fileID: 402918029290990504}
  - {fileID: 4805356950650989105}
  - {fileID: 8084052868459828431}
  - {fileID: 8108497843694601693}
  m_Father: {fileID: 0}
  m_RootOrder: 0
  m_LocalEulerAnglesHint: {x: 0, y: 0, z: 0}
--- !u!1001 &402918029290860842
PrefabInstance:
  m_ObjectHideFlags: 0
  serializedVersion: 2
  m_Modification:
    m_TransformParent: {fileID: 1079234495502437481}
    m_Modifications:
    - target: {fileID: 100002, guid: 5995ab62c86232744ba3ff77e902a449, type: 3}
      propertyPath: m_Name
      value: flower2_v1 (2)
      objectReference: {fileID: 0}
    - target: {fileID: 400002, guid: 5995ab62c86232744ba3ff77e902a449, type: 3}
      propertyPath: m_LocalPosition.x
      value: 6.878
      objectReference: {fileID: 0}
    - target: {fileID: 400002, guid: 5995ab62c86232744ba3ff77e902a449, type: 3}
      propertyPath: m_LocalPosition.y
      value: 2.09
      objectReference: {fileID: 0}
    - target: {fileID: 400002, guid: 5995ab62c86232744ba3ff77e902a449, type: 3}
      propertyPath: m_LocalPosition.z
      value: -5.449
      objectReference: {fileID: 0}
    - target: {fileID: 400002, guid: 5995ab62c86232744ba3ff77e902a449, type: 3}
      propertyPath: m_LocalRotation.x
      value: -0
      objectReference: {fileID: 0}
    - target: {fileID: 400002, guid: 5995ab62c86232744ba3ff77e902a449, type: 3}
      propertyPath: m_LocalRotation.y
      value: -0.97416717
      objectReference: {fileID: 0}
    - target: {fileID: 400002, guid: 5995ab62c86232744ba3ff77e902a449, type: 3}
      propertyPath: m_LocalRotation.z
      value: -0
      objectReference: {fileID: 0}
    - target: {fileID: 400002, guid: 5995ab62c86232744ba3ff77e902a449, type: 3}
      propertyPath: m_LocalRotation.w
      value: -0.22582829
      objectReference: {fileID: 0}
    - target: {fileID: 400002, guid: 5995ab62c86232744ba3ff77e902a449, type: 3}
      propertyPath: m_RootOrder
      value: 1
      objectReference: {fileID: 0}
    - target: {fileID: 400002, guid: 5995ab62c86232744ba3ff77e902a449, type: 3}
      propertyPath: m_LocalEulerAnglesHint.x
      value: 0
      objectReference: {fileID: 0}
    - target: {fileID: 400002, guid: 5995ab62c86232744ba3ff77e902a449, type: 3}
      propertyPath: m_LocalEulerAnglesHint.y
      value: -206.103
      objectReference: {fileID: 0}
    - target: {fileID: 400002, guid: 5995ab62c86232744ba3ff77e902a449, type: 3}
      propertyPath: m_LocalEulerAnglesHint.z
      value: 0
      objectReference: {fileID: 0}
    - target: {fileID: 400002, guid: 5995ab62c86232744ba3ff77e902a449, type: 3}
      propertyPath: m_LocalScale.x
      value: 1
      objectReference: {fileID: 0}
    - target: {fileID: 400002, guid: 5995ab62c86232744ba3ff77e902a449, type: 3}
      propertyPath: m_LocalScale.z
      value: 1
      objectReference: {fileID: 0}
    m_RemovedComponents: []
  m_SourcePrefab: {fileID: 100100000, guid: 5995ab62c86232744ba3ff77e902a449, type: 3}
--- !u!4 &402918029290990504 stripped
Transform:
  m_CorrespondingSourceObject: {fileID: 400002, guid: 5995ab62c86232744ba3ff77e902a449,
    type: 3}
  m_PrefabInstance: {fileID: 402918029290860842}
  m_PrefabAsset: {fileID: 0}
--- !u!1001 &4805356950651383987
PrefabInstance:
  m_ObjectHideFlags: 0
  serializedVersion: 2
  m_Modification:
    m_TransformParent: {fileID: 1079234495502437481}
    m_Modifications:
    - target: {fileID: 100002, guid: 5995ab62c86232744ba3ff77e902a449, type: 3}
      propertyPath: m_Name
      value: flower2_v1 (3)
      objectReference: {fileID: 0}
    - target: {fileID: 400002, guid: 5995ab62c86232744ba3ff77e902a449, type: 3}
      propertyPath: m_LocalPosition.x
      value: 6.804794
      objectReference: {fileID: 0}
    - target: {fileID: 400002, guid: 5995ab62c86232744ba3ff77e902a449, type: 3}
      propertyPath: m_LocalPosition.y
      value: 1.992
      objectReference: {fileID: 0}
    - target: {fileID: 400002, guid: 5995ab62c86232744ba3ff77e902a449, type: 3}
      propertyPath: m_LocalPosition.z
      value: -5.596587
      objectReference: {fileID: 0}
    - target: {fileID: 400002, guid: 5995ab62c86232744ba3ff77e902a449, type: 3}
      propertyPath: m_LocalRotation.x
      value: -0.0295339
      objectReference: {fileID: 0}
    - target: {fileID: 400002, guid: 5995ab62c86232744ba3ff77e902a449, type: 3}
      propertyPath: m_LocalRotation.y
      value: -0.5351977
      objectReference: {fileID: 0}
    - target: {fileID: 400002, guid: 5995ab62c86232744ba3ff77e902a449, type: 3}
      propertyPath: m_LocalRotation.z
      value: 0.04651543
      objectReference: {fileID: 0}
    - target: {fileID: 400002, guid: 5995ab62c86232744ba3ff77e902a449, type: 3}
      propertyPath: m_LocalRotation.w
      value: -0.84292793
      objectReference: {fileID: 0}
    - target: {fileID: 400002, guid: 5995ab62c86232744ba3ff77e902a449, type: 3}
      propertyPath: m_RootOrder
      value: 2
      objectReference: {fileID: 0}
    - target: {fileID: 400002, guid: 5995ab62c86232744ba3ff77e902a449, type: 3}
      propertyPath: m_LocalEulerAnglesHint.x
      value: 5.715
      objectReference: {fileID: 0}
    - target: {fileID: 400002, guid: 5995ab62c86232744ba3ff77e902a449, type: 3}
      propertyPath: m_LocalEulerAnglesHint.y
      value: -295.309
      objectReference: {fileID: 0}
    - target: {fileID: 400002, guid: 5995ab62c86232744ba3ff77e902a449, type: 3}
      propertyPath: m_LocalEulerAnglesHint.z
      value: -2.696
      objectReference: {fileID: 0}
    m_RemovedComponents: []
  m_SourcePrefab: {fileID: 100100000, guid: 5995ab62c86232744ba3ff77e902a449, type: 3}
--- !u!4 &4805356950650989105 stripped
Transform:
  m_CorrespondingSourceObject: {fileID: 400002, guid: 5995ab62c86232744ba3ff77e902a449,
    type: 3}
  m_PrefabInstance: {fileID: 4805356950651383987}
  m_PrefabAsset: {fileID: 0}
--- !u!1001 &7635392226496161239
PrefabInstance:
  m_ObjectHideFlags: 0
  serializedVersion: 2
  m_Modification:
    m_TransformParent: {fileID: 1079234495502437481}
    m_Modifications:
    - target: {fileID: 100002, guid: 5995ab62c86232744ba3ff77e902a449, type: 3}
      propertyPath: m_Name
      value: flower2_v1 (1)
      objectReference: {fileID: 0}
    - target: {fileID: 400002, guid: 5995ab62c86232744ba3ff77e902a449, type: 3}
      propertyPath: m_LocalPosition.x
      value: 6.9537716
      objectReference: {fileID: 0}
    - target: {fileID: 400002, guid: 5995ab62c86232744ba3ff77e902a449, type: 3}
      propertyPath: m_LocalPosition.y
      value: 1.912
      objectReference: {fileID: 0}
    - target: {fileID: 400002, guid: 5995ab62c86232744ba3ff77e902a449, type: 3}
      propertyPath: m_LocalPosition.z
      value: -5.3665957
      objectReference: {fileID: 0}
    - target: {fileID: 400002, guid: 5995ab62c86232744ba3ff77e902a449, type: 3}
      propertyPath: m_LocalRotation.x
      value: -0
      objectReference: {fileID: 0}
    - target: {fileID: 400002, guid: 5995ab62c86232744ba3ff77e902a449, type: 3}
      propertyPath: m_LocalRotation.y
      value: -0.9134798
      objectReference: {fileID: 0}
    - target: {fileID: 400002, guid: 5995ab62c86232744ba3ff77e902a449, type: 3}
      propertyPath: m_LocalRotation.z
      value: -0
      objectReference: {fileID: 0}
    - target: {fileID: 400002, guid: 5995ab62c86232744ba3ff77e902a449, type: 3}
      propertyPath: m_LocalRotation.w
      value: 0.4068842
      objectReference: {fileID: 0}
    - target: {fileID: 400002, guid: 5995ab62c86232744ba3ff77e902a449, type: 3}
      propertyPath: m_RootOrder
      value: 0
      objectReference: {fileID: 0}
    - target: {fileID: 400002, guid: 5995ab62c86232744ba3ff77e902a449, type: 3}
      propertyPath: m_LocalEulerAnglesHint.x
      value: 0
      objectReference: {fileID: 0}
    - target: {fileID: 400002, guid: 5995ab62c86232744ba3ff77e902a449, type: 3}
      propertyPath: m_LocalEulerAnglesHint.y
      value: -131.98201
      objectReference: {fileID: 0}
    - target: {fileID: 400002, guid: 5995ab62c86232744ba3ff77e902a449, type: 3}
      propertyPath: m_LocalEulerAnglesHint.z
      value: 0
      objectReference: {fileID: 0}
    - target: {fileID: 400002, guid: 5995ab62c86232744ba3ff77e902a449, type: 3}
      propertyPath: m_LocalScale.x
      value: 1
      objectReference: {fileID: 0}
    - target: {fileID: 400002, guid: 5995ab62c86232744ba3ff77e902a449, type: 3}
      propertyPath: m_LocalScale.z
      value: 1
      objectReference: {fileID: 0}
    m_RemovedComponents: []
  m_SourcePrefab: {fileID: 100100000, guid: 5995ab62c86232744ba3ff77e902a449, type: 3}
--- !u!4 &7635392226496036693 stripped
Transform:
  m_CorrespondingSourceObject: {fileID: 400002, guid: 5995ab62c86232744ba3ff77e902a449,
    type: 3}
  m_PrefabInstance: {fileID: 7635392226496161239}
  m_PrefabAsset: {fileID: 0}
--- !u!1001 &8084052868459433549
PrefabInstance:
  m_ObjectHideFlags: 0
  serializedVersion: 2
  m_Modification:
    m_TransformParent: {fileID: 1079234495502437481}
    m_Modifications:
    - target: {fileID: 100002, guid: 5995ab62c86232744ba3ff77e902a449, type: 3}
      propertyPath: m_Name
      value: flower2_v1 (4)
      objectReference: {fileID: 0}
    - target: {fileID: 400002, guid: 5995ab62c86232744ba3ff77e902a449, type: 3}
      propertyPath: m_LocalPosition.x
      value: 6.897
      objectReference: {fileID: 0}
    - target: {fileID: 400002, guid: 5995ab62c86232744ba3ff77e902a449, type: 3}
      propertyPath: m_LocalPosition.y
      value: 2.068
      objectReference: {fileID: 0}
    - target: {fileID: 400002, guid: 5995ab62c86232744ba3ff77e902a449, type: 3}
      propertyPath: m_LocalPosition.z
      value: -5.676
      objectReference: {fileID: 0}
    - target: {fileID: 400002, guid: 5995ab62c86232744ba3ff77e902a449, type: 3}
      propertyPath: m_LocalRotation.x
      value: -0.048801288
      objectReference: {fileID: 0}
    - target: {fileID: 400002, guid: 5995ab62c86232744ba3ff77e902a449, type: 3}
      propertyPath: m_LocalRotation.y
      value: 0.79571587
      objectReference: {fileID: 0}
    - target: {fileID: 400002, guid: 5995ab62c86232744ba3ff77e902a449, type: 3}
      propertyPath: m_LocalRotation.z
      value: -0.025580745
      objectReference: {fileID: 0}
    - target: {fileID: 400002, guid: 5995ab62c86232744ba3ff77e902a449, type: 3}
      propertyPath: m_LocalRotation.w
      value: -0.60315865
      objectReference: {fileID: 0}
    - target: {fileID: 400002, guid: 5995ab62c86232744ba3ff77e902a449, type: 3}
      propertyPath: m_RootOrder
      value: 3
      objectReference: {fileID: 0}
    - target: {fileID: 400002, guid: 5995ab62c86232744ba3ff77e902a449, type: 3}
      propertyPath: m_LocalEulerAnglesHint.x
      value: 5.715
      objectReference: {fileID: 0}
    - target: {fileID: 400002, guid: 5995ab62c86232744ba3ff77e902a449, type: 3}
      propertyPath: m_LocalEulerAnglesHint.y
      value: -465.81
      objectReference: {fileID: 0}
    - target: {fileID: 400002, guid: 5995ab62c86232744ba3ff77e902a449, type: 3}
      propertyPath: m_LocalEulerAnglesHint.z
      value: -2.696
      objectReference: {fileID: 0}
    - target: {fileID: 400002, guid: 5995ab62c86232744ba3ff77e902a449, type: 3}
      propertyPath: m_LocalScale.x
      value: 1
      objectReference: {fileID: 0}
    - target: {fileID: 400002, guid: 5995ab62c86232744ba3ff77e902a449, type: 3}
      propertyPath: m_LocalScale.y
      value: 1
      objectReference: {fileID: 0}
    - target: {fileID: 400002, guid: 5995ab62c86232744ba3ff77e902a449, type: 3}
      propertyPath: m_LocalScale.z
      value: 1
      objectReference: {fileID: 0}
    m_RemovedComponents: []
  m_SourcePrefab: {fileID: 100100000, guid: 5995ab62c86232744ba3ff77e902a449, type: 3}
--- !u!4 &8084052868459828431 stripped
Transform:
  m_CorrespondingSourceObject: {fileID: 400002, guid: 5995ab62c86232744ba3ff77e902a449,
    type: 3}
  m_PrefabInstance: {fileID: 8084052868459433549}
  m_PrefabAsset: {fileID: 0}
--- !u!1001 &8108497843695001439
PrefabInstance:
  m_ObjectHideFlags: 0
  serializedVersion: 2
  m_Modification:
    m_TransformParent: {fileID: 1079234495502437481}
    m_Modifications:
    - target: {fileID: 100002, guid: 5995ab62c86232744ba3ff77e902a449, type: 3}
      propertyPath: m_Name
      value: flower2_v1 (5)
      objectReference: {fileID: 0}
    - target: {fileID: 400002, guid: 5995ab62c86232744ba3ff77e902a449, type: 3}
      propertyPath: m_LocalPosition.x
      value: 7.255
      objectReference: {fileID: 0}
    - target: {fileID: 400002, guid: 5995ab62c86232744ba3ff77e902a449, type: 3}
      propertyPath: m_LocalPosition.y
      value: 1.9171474
      objectReference: {fileID: 0}
    - target: {fileID: 400002, guid: 5995ab62c86232744ba3ff77e902a449, type: 3}
      propertyPath: m_LocalPosition.z
      value: -5.426
      objectReference: {fileID: 0}
    - target: {fileID: 400002, guid: 5995ab62c86232744ba3ff77e902a449, type: 3}
      propertyPath: m_LocalRotation.x
      value: 0.14586593
      objectReference: {fileID: 0}
    - target: {fileID: 400002, guid: 5995ab62c86232744ba3ff77e902a449, type: 3}
      propertyPath: m_LocalRotation.y
      value: -0.468811
      objectReference: {fileID: 0}
    - target: {fileID: 400002, guid: 5995ab62c86232744ba3ff77e902a449, type: 3}
      propertyPath: m_LocalRotation.z
      value: 0.07582575
      objectReference: {fileID: 0}
    - target: {fileID: 400002, guid: 5995ab62c86232744ba3ff77e902a449, type: 3}
      propertyPath: m_LocalRotation.w
      value: -0.86786515
      objectReference: {fileID: 0}
    - target: {fileID: 400002, guid: 5995ab62c86232744ba3ff77e902a449, type: 3}
      propertyPath: m_RootOrder
      value: 4
      objectReference: {fileID: 0}
    - target: {fileID: 400002, guid: 5995ab62c86232744ba3ff77e902a449, type: 3}
      propertyPath: m_LocalEulerAnglesHint.x
      value: -10.491
      objectReference: {fileID: 0}
    - target: {fileID: 400002, guid: 5995ab62c86232744ba3ff77e902a449, type: 3}
      propertyPath: m_LocalEulerAnglesHint.y
      value: -301.78198
      objectReference: {fileID: 0}
    - target: {fileID: 400002, guid: 5995ab62c86232744ba3ff77e902a449, type: 3}
      propertyPath: m_LocalEulerAnglesHint.z
      value: -15.839001
      objectReference: {fileID: 0}
    - target: {fileID: 400002, guid: 5995ab62c86232744ba3ff77e902a449, type: 3}
      propertyPath: m_LocalScale.x
      value: 1
      objectReference: {fileID: 0}
    - target: {fileID: 400002, guid: 5995ab62c86232744ba3ff77e902a449, type: 3}
      propertyPath: m_LocalScale.z
      value: 1
      objectReference: {fileID: 0}
    m_RemovedComponents: []
  m_SourcePrefab: {fileID: 100100000, guid: 5995ab62c86232744ba3ff77e902a449, type: 3}
--- !u!4 &8108497843694601693 stripped
Transform:
  m_CorrespondingSourceObject: {fileID: 400002, guid: 5995ab62c86232744ba3ff77e902a449,
    type: 3}
  m_PrefabInstance: {fileID: 8108497843695001439}
  m_PrefabAsset: {fileID: 0}
