%YAML 1.1
%TAG !u! tag:unity3d.com,2011:
--- !u!1 &41545719
GameObject:
  m_ObjectHideFlags: 0
  m_CorrespondingSourceObject: {fileID: 0}
  m_PrefabInstance: {fileID: 0}
  m_PrefabAsset: {fileID: 0}
  serializedVersion: 6
  m_Component:
  - component: {fileID: 41545723}
  - component: {fileID: 41545722}
  - component: {fileID: 41545720}
  - component: {fileID: 41545721}
  - component: {fileID: 8350005075576876977}
  m_Layer: 10
  m_Name: wolf_animation
  m_TagString: Untagged
  m_Icon: {fileID: 0}
  m_NavMeshLayer: 0
  m_StaticEditorFlags: 0
  m_IsActive: 1
--- !u!4 &41545723
Transform:
  m_ObjectHideFlags: 0
  m_CorrespondingSourceObject: {fileID: 0}
  m_PrefabInstance: {fileID: 0}
  m_PrefabAsset: {fileID: 0}
  m_GameObject: {fileID: 41545719}
  m_LocalRotation: {x: 0, y: 0, z: 0, w: 1}
  m_LocalPosition: {x: 0, y: 0, z: 0}
  m_LocalScale: {x: 1, y: 1, z: 1}
  m_Children:
  - {fileID: 390699583}
  - {fileID: 1629801751}
  m_Father: {fileID: 0}
  m_RootOrder: 0
  m_LocalEulerAnglesHint: {x: 0, y: 0, z: 0}
--- !u!95 &41545722
Animator:
  serializedVersion: 3
  m_ObjectHideFlags: 0
  m_CorrespondingSourceObject: {fileID: 0}
  m_PrefabInstance: {fileID: 0}
  m_PrefabAsset: {fileID: 0}
  m_GameObject: {fileID: 41545719}
  m_Enabled: 1
  m_Avatar: {fileID: 9000000, guid: d643522822a214341b220136c495bacb, type: 3}
  m_Controller: {fileID: 9100000, guid: 0e447d07cf795f340882d747caa55494, type: 2}
  m_CullingMode: 1
  m_UpdateMode: 0
  m_ApplyRootMotion: 0
  m_LinearVelocityBlending: 0
  m_WarningMessage: 
  m_HasTransformHierarchy: 1
  m_AllowConstantClipSamplingOptimization: 1
  m_KeepAnimatorControllerStateOnDisable: 0
--- !u!114 &41545720
MonoBehaviour:
  m_ObjectHideFlags: 0
  m_CorrespondingSourceObject: {fileID: 0}
  m_PrefabInstance: {fileID: 0}
  m_PrefabAsset: {fileID: 0}
  m_GameObject: {fileID: 41545719}
  m_Enabled: 1
  m_EditorHideFlags: 0
  m_Script: {fileID: 11500000, guid: b62dc8bac0690a44eaf69c645d0f81b7, type: 3}
  m_Name: 
  m_EditorClassIdentifier: 
  sticker: {fileID: 11400000, guid: 74306c10b0ae8c249afa766d71edc6fe, type: 2}
  stickerSpawnTransform: {fileID: 664327039}
  customTriggerTime: 0
--- !u!114 &41545721
MonoBehaviour:
  m_ObjectHideFlags: 0
  m_CorrespondingSourceObject: {fileID: 0}
  m_PrefabInstance: {fileID: 0}
  m_PrefabAsset: {fileID: 0}
  m_GameObject: {fileID: 41545719}
  m_Enabled: 1
  m_EditorHideFlags: 0
  m_Script: {fileID: 11500000, guid: 52043a1396b09ca40b07d3a476b1a749, type: 3}
  m_Name: 
  m_EditorClassIdentifier: 
  animator: {fileID: 41545722}
  particles: {fileID: 0}
  customParticlesTrigger: 0
  particlesDelay: 0
--- !u!114 &8350005075576876977
MonoBehaviour:
  m_ObjectHideFlags: 0
  m_CorrespondingSourceObject: {fileID: 0}
  m_PrefabInstance: {fileID: 0}
  m_PrefabAsset: {fileID: 0}
  m_GameObject: {fileID: 41545719}
  m_Enabled: 1
  m_EditorHideFlags: 0
  m_Script: {fileID: 11500000, guid: 09bd002600ff9d0408150433fa754ad9, type: 3}
  m_Name: 
  m_EditorClassIdentifier: 
  idleAudioSource: {fileID: 0}
  interactAudioSource: {fileID: 6329562779793061523}
  customIdleSoundTime: 0
  customInteractSoundTime: 0
  minIdleRandomDelay: 0
  maxIdleRandomDelay: 0
--- !u!1 &60828127
GameObject:
  m_ObjectHideFlags: 0
  m_CorrespondingSourceObject: {fileID: 0}
  m_PrefabInstance: {fileID: 0}
  m_PrefabAsset: {fileID: 0}
  serializedVersion: 6
  m_Component:
  - component: {fileID: 60828128}
  m_Layer: 10
  m_Name: back
  m_TagString: Untagged
  m_Icon: {fileID: 0}
  m_NavMeshLayer: 0
  m_StaticEditorFlags: 0
  m_IsActive: 1
--- !u!4 &60828128
Transform:
  m_ObjectHideFlags: 0
  m_CorrespondingSourceObject: {fileID: 0}
  m_PrefabInstance: {fileID: 0}
  m_PrefabAsset: {fileID: 0}
  m_GameObject: {fileID: 60828127}
  m_LocalRotation: {x: 0, y: -0, z: -0.013757561, w: 0.9999054}
  m_LocalPosition: {x: -0.16796999, y: 0, z: 0}
  m_LocalScale: {x: 1, y: 1, z: 1}
  m_Children:
  - {fileID: 1697057829}
  m_Father: {fileID: 554544198}
  m_RootOrder: 0
  m_LocalEulerAnglesHint: {x: 0, y: 0, z: 0}
--- !u!1 &88798486
GameObject:
  m_ObjectHideFlags: 0
  m_CorrespondingSourceObject: {fileID: 0}
  m_PrefabInstance: {fileID: 0}
  m_PrefabAsset: {fileID: 0}
  serializedVersion: 6
  m_Component:
  - component: {fileID: 88798487}
  m_Layer: 10
  m_Name: R_B_leg
  m_TagString: Untagged
  m_Icon: {fileID: 0}
  m_NavMeshLayer: 0
  m_StaticEditorFlags: 0
  m_IsActive: 1
--- !u!4 &88798487
Transform:
  m_ObjectHideFlags: 0
  m_CorrespondingSourceObject: {fileID: 0}
  m_PrefabInstance: {fileID: 0}
  m_PrefabAsset: {fileID: 0}
  m_GameObject: {fileID: 88798486}
  m_LocalRotation: {x: -0.09092209, y: -0.14794211, z: -0.5156448, w: 0.8390214}
  m_LocalPosition: {x: -0.07884314, y: -0.085698955, z: 0.1626808}
  m_LocalScale: {x: 1, y: 1, z: 1}
  m_Children:
  - {fileID: 460830910}
  m_Father: {fileID: 1645955981}
  m_RootOrder: 1
  m_LocalEulerAnglesHint: {x: 0, y: 0, z: 0}
--- !u!1 &119319292
GameObject:
  m_ObjectHideFlags: 0
  m_CorrespondingSourceObject: {fileID: 0}
  m_PrefabInstance: {fileID: 0}
  m_PrefabAsset: {fileID: 0}
  serializedVersion: 6
  m_Component:
  - component: {fileID: 119319293}
  m_Layer: 10
  m_Name: head_end 1
  m_TagString: Untagged
  m_Icon: {fileID: 0}
  m_NavMeshLayer: 0
  m_StaticEditorFlags: 0
  m_IsActive: 1
--- !u!4 &119319293
Transform:
  m_ObjectHideFlags: 0
  m_CorrespondingSourceObject: {fileID: 0}
  m_PrefabInstance: {fileID: 0}
  m_PrefabAsset: {fileID: 0}
  m_GameObject: {fileID: 119319292}
  m_LocalRotation: {x: 0, y: -0, z: -0, w: 1}
  m_LocalPosition: {x: -0.08741296, y: 0.2569636, z: 0}
  m_LocalScale: {x: 1, y: 1, z: 1}
  m_Children: []
  m_Father: {fileID: 1968341551}
  m_RootOrder: 0
  m_LocalEulerAnglesHint: {x: 0, y: 0, z: 0}
--- !u!1 &137520030
GameObject:
  m_ObjectHideFlags: 0
  m_CorrespondingSourceObject: {fileID: 0}
  m_PrefabInstance: {fileID: 0}
  m_PrefabAsset: {fileID: 0}
  serializedVersion: 6
  m_Component:
  - component: {fileID: 137520031}
  m_Layer: 10
  m_Name: tail_03 1
  m_TagString: Untagged
  m_Icon: {fileID: 0}
  m_NavMeshLayer: 0
  m_StaticEditorFlags: 0
  m_IsActive: 1
--- !u!4 &137520031
Transform:
  m_ObjectHideFlags: 0
  m_CorrespondingSourceObject: {fileID: 0}
  m_PrefabInstance: {fileID: 0}
  m_PrefabAsset: {fileID: 0}
  m_GameObject: {fileID: 137520030}
  m_LocalRotation: {x: 1.831889e-11, y: 8.857918e-10, z: -0.020676387, w: 0.99978626}
  m_LocalPosition: {x: -0.23310122, y: -0.12340653, z: -2.8546668e-17}
  m_LocalScale: {x: 1, y: 1, z: 1}
  m_Children:
  - {fileID: 739462036}
  m_Father: {fileID: 367871457}
  m_RootOrder: 0
  m_LocalEulerAnglesHint: {x: -1.1276735e-16, y: -5.4527555e-15, z: -50.08704}
--- !u!1 &203442810
GameObject:
  m_ObjectHideFlags: 0
  m_CorrespondingSourceObject: {fileID: 0}
  m_PrefabInstance: {fileID: 0}
  m_PrefabAsset: {fileID: 0}
  serializedVersion: 6
  m_Component:
  - component: {fileID: 203442811}
  m_Layer: 10
  m_Name: master_ctrl
  m_TagString: Untagged
  m_Icon: {fileID: 0}
  m_NavMeshLayer: 0
  m_StaticEditorFlags: 0
  m_IsActive: 1
--- !u!4 &203442811
Transform:
  m_ObjectHideFlags: 0
  m_CorrespondingSourceObject: {fileID: 0}
  m_PrefabInstance: {fileID: 0}
  m_PrefabAsset: {fileID: 0}
  m_GameObject: {fileID: 203442810}
  m_LocalRotation: {x: 0, y: 0.17661653, z: -0, w: 0.98427975}
  m_LocalPosition: {x: 0.43062592, y: 0, z: 0.8285179}
  m_LocalScale: {x: 1, y: 1, z: 1}
  m_Children:
  - {fileID: 1448229631}
  m_Father: {fileID: 390699583}
  m_RootOrder: 1
  m_LocalEulerAnglesHint: {x: 0, y: 0, z: 0}
--- !u!1 &216946382
GameObject:
  m_ObjectHideFlags: 0
  m_CorrespondingSourceObject: {fileID: 0}
  m_PrefabInstance: {fileID: 0}
  m_PrefabAsset: {fileID: 0}
  serializedVersion: 6
  m_Component:
  - component: {fileID: 216946383}
  m_Layer: 10
  m_Name: root_ctrl
  m_TagString: Untagged
  m_Icon: {fileID: 0}
  m_NavMeshLayer: 0
  m_StaticEditorFlags: 0
  m_IsActive: 1
--- !u!4 &216946383
Transform:
  m_ObjectHideFlags: 0
  m_CorrespondingSourceObject: {fileID: 0}
  m_PrefabInstance: {fileID: 0}
  m_PrefabAsset: {fileID: 0}
  m_GameObject: {fileID: 216946382}
  m_LocalRotation: {x: 0, y: -0, z: -0.22661301, w: 0.9739849}
  m_LocalPosition: {x: 2.2737369e-16, y: -0.13224143, z: 0}
  m_LocalScale: {x: 1, y: 1, z: 1}
  m_Children:
  - {fileID: 1822833988}
  - {fileID: 1908508957}
  m_Father: {fileID: 1448229631}
  m_RootOrder: 0
  m_LocalEulerAnglesHint: {x: 0, y: 0, z: 0}
--- !u!1 &240928316
GameObject:
  m_ObjectHideFlags: 0
  m_CorrespondingSourceObject: {fileID: 0}
  m_PrefabInstance: {fileID: 0}
  m_PrefabAsset: {fileID: 0}
  serializedVersion: 6
  m_Component:
  - component: {fileID: 240928317}
  m_Layer: 10
  m_Name: back 1
  m_TagString: Untagged
  m_Icon: {fileID: 0}
  m_NavMeshLayer: 0
  m_StaticEditorFlags: 0
  m_IsActive: 1
--- !u!4 &240928317
Transform:
  m_ObjectHideFlags: 0
  m_CorrespondingSourceObject: {fileID: 0}
  m_PrefabInstance: {fileID: 0}
  m_PrefabAsset: {fileID: 0}
  m_GameObject: {fileID: 240928316}
  m_LocalRotation: {x: 0, y: -0, z: -0.013757561, w: 0.9999054}
  m_LocalPosition: {x: -0.16796999, y: 0, z: 0}
  m_LocalScale: {x: 1, y: 1, z: 1}
  m_Children:
  - {fileID: 614500236}
  m_Father: {fileID: 2051144734}
  m_RootOrder: 0
  m_LocalEulerAnglesHint: {x: 0, y: 0, z: 0}
--- !u!1 &271749616
GameObject:
  m_ObjectHideFlags: 0
  m_CorrespondingSourceObject: {fileID: 0}
  m_PrefabInstance: {fileID: 0}
  m_PrefabAsset: {fileID: 0}
  serializedVersion: 6
  m_Component:
  - component: {fileID: 271749617}
  m_Layer: 10
  m_Name: end 4
  m_TagString: Untagged
  m_Icon: {fileID: 0}
  m_NavMeshLayer: 0
  m_StaticEditorFlags: 0
  m_IsActive: 1
--- !u!4 &271749617
Transform:
  m_ObjectHideFlags: 0
  m_CorrespondingSourceObject: {fileID: 0}
  m_PrefabInstance: {fileID: 0}
  m_PrefabAsset: {fileID: 0}
  m_GameObject: {fileID: 271749616}
  m_LocalRotation: {x: 0, y: -0, z: -0.5821238, w: 0.8131002}
  m_LocalPosition: {x: -0.25529093, y: 4.2632565e-17, z: 0}
  m_LocalScale: {x: 1, y: 1, z: 1}
  m_Children: []
  m_Father: {fileID: 1366060739}
  m_RootOrder: 0
  m_LocalEulerAnglesHint: {x: 0, y: 0, z: 0}
--- !u!1 &277285156
GameObject:
  m_ObjectHideFlags: 0
  m_CorrespondingSourceObject: {fileID: 0}
  m_PrefabInstance: {fileID: 0}
  m_PrefabAsset: {fileID: 0}
  serializedVersion: 6
  m_Component:
  - component: {fileID: 277285157}
  m_Layer: 10
  m_Name: neck 1
  m_TagString: Untagged
  m_Icon: {fileID: 0}
  m_NavMeshLayer: 0
  m_StaticEditorFlags: 0
  m_IsActive: 1
--- !u!4 &277285157
Transform:
  m_ObjectHideFlags: 0
  m_CorrespondingSourceObject: {fileID: 0}
  m_PrefabInstance: {fileID: 0}
  m_PrefabAsset: {fileID: 0}
  m_GameObject: {fileID: 277285156}
  m_LocalRotation: {x: 0, y: 0, z: -0.13827725, w: 0.9903936}
  m_LocalPosition: {x: -0.16708809, y: 0.008764856, z: 0}
  m_LocalScale: {x: 1, y: 1, z: 1}
  m_Children:
  - {fileID: 1968341551}
  m_Father: {fileID: 614500236}
  m_RootOrder: 1
  m_LocalEulerAnglesHint: {x: 0, y: 0, z: -32.134007}
--- !u!1 &295715754
GameObject:
  m_ObjectHideFlags: 0
  m_CorrespondingSourceObject: {fileID: 0}
  m_PrefabInstance: {fileID: 0}
  m_PrefabAsset: {fileID: 0}
  serializedVersion: 6
  m_Component:
  - component: {fileID: 295715755}
  m_Layer: 10
  m_Name: head_end
  m_TagString: Untagged
  m_Icon: {fileID: 0}
  m_NavMeshLayer: 0
  m_StaticEditorFlags: 0
  m_IsActive: 1
--- !u!4 &295715755
Transform:
  m_ObjectHideFlags: 0
  m_CorrespondingSourceObject: {fileID: 0}
  m_PrefabInstance: {fileID: 0}
  m_PrefabAsset: {fileID: 0}
  m_GameObject: {fileID: 295715754}
  m_LocalRotation: {x: 0, y: -0, z: -0, w: 1}
  m_LocalPosition: {x: -0.08741296, y: 0.2569636, z: 0}
  m_LocalScale: {x: 1, y: 1, z: 1}
  m_Children: []
  m_Father: {fileID: 1481311717}
  m_RootOrder: 0
  m_LocalEulerAnglesHint: {x: 0, y: 0, z: 0}
--- !u!1 &297808819
GameObject:
  m_ObjectHideFlags: 0
  m_CorrespondingSourceObject: {fileID: 0}
  m_PrefabInstance: {fileID: 0}
  m_PrefabAsset: {fileID: 0}
  serializedVersion: 6
  m_Component:
  - component: {fileID: 297808820}
  m_Layer: 10
  m_Name: joint_grp 1
  m_TagString: Untagged
  m_Icon: {fileID: 0}
  m_NavMeshLayer: 0
  m_StaticEditorFlags: 0
  m_IsActive: 1
--- !u!4 &297808820
Transform:
  m_ObjectHideFlags: 0
  m_CorrespondingSourceObject: {fileID: 0}
  m_PrefabInstance: {fileID: 0}
  m_PrefabAsset: {fileID: 0}
  m_GameObject: {fileID: 297808819}
  m_LocalRotation: {x: 0, y: -0, z: -0, w: 1}
  m_LocalPosition: {x: -0, y: 0, z: 0}
  m_LocalScale: {x: 1, y: 1, z: 1}
  m_Children:
  - {fileID: 2051144734}
  m_Father: {fileID: 1629801751}
  m_RootOrder: 0
  m_LocalEulerAnglesHint: {x: 0, y: 0, z: 0}
--- !u!1 &304095663
GameObject:
  m_ObjectHideFlags: 0
  m_CorrespondingSourceObject: {fileID: 0}
  m_PrefabInstance: {fileID: 0}
  m_PrefabAsset: {fileID: 0}
  serializedVersion: 6
  m_Component:
  - component: {fileID: 304095664}
  m_Layer: 10
  m_Name: shoulder_ctrl
  m_TagString: Untagged
  m_Icon: {fileID: 0}
  m_NavMeshLayer: 0
  m_StaticEditorFlags: 0
  m_IsActive: 1
--- !u!4 &304095664
Transform:
  m_ObjectHideFlags: 0
  m_CorrespondingSourceObject: {fileID: 0}
  m_PrefabInstance: {fileID: 0}
  m_PrefabAsset: {fileID: 0}
  m_GameObject: {fileID: 304095663}
  m_LocalRotation: {x: 0, y: -0, z: -0.07845911, w: 0.99691737}
  m_LocalPosition: {x: 0.012755927, y: -0.025928613, z: 0}
  m_LocalScale: {x: 1, y: 1, z: 1}
  m_Children: []
  m_Father: {fileID: 1908508957}
  m_RootOrder: 0
  m_LocalEulerAnglesHint: {x: 0, y: 0, z: 0}
--- !u!1 &309039430
GameObject:
  m_ObjectHideFlags: 0
  m_CorrespondingSourceObject: {fileID: 0}
  m_PrefabInstance: {fileID: 0}
  m_PrefabAsset: {fileID: 0}
  serializedVersion: 6
  m_Component:
  - component: {fileID: 309039431}
  m_Layer: 10
  m_Name: L_F_leg 1
  m_TagString: Untagged
  m_Icon: {fileID: 0}
  m_NavMeshLayer: 0
  m_StaticEditorFlags: 0
  m_IsActive: 1
--- !u!4 &309039431
Transform:
  m_ObjectHideFlags: 0
  m_CorrespondingSourceObject: {fileID: 0}
  m_PrefabInstance: {fileID: 0}
  m_PrefabAsset: {fileID: 0}
  m_GameObject: {fileID: 309039430}
  m_LocalRotation: {x: 0, y: 0, z: 0.7071068, w: 0.7071068}
  m_LocalPosition: {x: 0.030851632, y: -0.061703265, z: 0.19858329}
  m_LocalScale: {x: 1, y: 1, z: 1}
  m_Children:
  - {fileID: 1190797425}
  m_Father: {fileID: 614500236}
  m_RootOrder: 0
  m_LocalEulerAnglesHint: {x: 0, y: 0, z: 109.15305}
--- !u!1 &345062082
GameObject:
  m_ObjectHideFlags: 0
  m_CorrespondingSourceObject: {fileID: 0}
  m_PrefabInstance: {fileID: 0}
  m_PrefabAsset: {fileID: 0}
  serializedVersion: 6
  m_Component:
  - component: {fileID: 345062083}
  m_Layer: 10
  m_Name: wolf_geo_grp
  m_TagString: Untagged
  m_Icon: {fileID: 0}
  m_NavMeshLayer: 0
  m_StaticEditorFlags: 0
  m_IsActive: 1
--- !u!4 &345062083
Transform:
  m_ObjectHideFlags: 0
  m_CorrespondingSourceObject: {fileID: 0}
  m_PrefabInstance: {fileID: 0}
  m_PrefabAsset: {fileID: 0}
  m_GameObject: {fileID: 345062082}
  m_LocalRotation: {x: 0, y: -0, z: -0, w: 1}
  m_LocalPosition: {x: -0, y: 0.0028577626, z: 0}
  m_LocalScale: {x: 1, y: 1, z: 1}
  m_Children:
  - {fileID: 1766619695}
  m_Father: {fileID: 390699583}
  m_RootOrder: 2
  m_LocalEulerAnglesHint: {x: 0, y: 0, z: 0}
--- !u!1 &365964535
GameObject:
  m_ObjectHideFlags: 0
  m_CorrespondingSourceObject: {fileID: 0}
  m_PrefabInstance: {fileID: 0}
  m_PrefabAsset: {fileID: 0}
  serializedVersion: 6
  m_Component:
  - component: {fileID: 365964536}
  m_Layer: 10
  m_Name: master_ctrl 1
  m_TagString: Untagged
  m_Icon: {fileID: 0}
  m_NavMeshLayer: 0
  m_StaticEditorFlags: 0
  m_IsActive: 1
--- !u!4 &365964536
Transform:
  m_ObjectHideFlags: 0
  m_CorrespondingSourceObject: {fileID: 0}
  m_PrefabInstance: {fileID: 0}
  m_PrefabAsset: {fileID: 0}
  m_GameObject: {fileID: 365964535}
  m_LocalRotation: {x: 0, y: -0, z: -0, w: 1}
  m_LocalPosition: {x: -0, y: 0, z: 0}
  m_LocalScale: {x: 1, y: 1, z: 1}
  m_Children:
  - {fileID: 1169046460}
  m_Father: {fileID: 1629801751}
  m_RootOrder: 1
  m_LocalEulerAnglesHint: {x: 0, y: 0, z: 0}
--- !u!1 &367871456
GameObject:
  m_ObjectHideFlags: 0
  m_CorrespondingSourceObject: {fileID: 0}
  m_PrefabInstance: {fileID: 0}
  m_PrefabAsset: {fileID: 0}
  serializedVersion: 6
  m_Component:
  - component: {fileID: 367871457}
  m_Layer: 10
  m_Name: tail_02 1
  m_TagString: Untagged
  m_Icon: {fileID: 0}
  m_NavMeshLayer: 0
  m_StaticEditorFlags: 0
  m_IsActive: 1
--- !u!4 &367871457
Transform:
  m_ObjectHideFlags: 0
  m_CorrespondingSourceObject: {fileID: 0}
  m_PrefabInstance: {fileID: 0}
  m_PrefabAsset: {fileID: 0}
  m_GameObject: {fileID: 367871456}
  m_LocalRotation: {x: 2.4458927e-10, y: 7.74724e-10, z: -0.30106375, w: 0.95360404}
  m_LocalPosition: {x: -0.23652919, y: -0.12854847, z: -2.8966472e-17}
  m_LocalScale: {x: 1, y: 1, z: 1}
  m_Children:
  - {fileID: 137520031}
  m_Father: {fileID: 515145679}
  m_RootOrder: 0
  m_LocalEulerAnglesHint: {x: 0, y: 0, z: 0}
--- !u!1 &390699582
GameObject:
  m_ObjectHideFlags: 0
  m_CorrespondingSourceObject: {fileID: 0}
  m_PrefabInstance: {fileID: 0}
  m_PrefabAsset: {fileID: 0}
  serializedVersion: 6
  m_Component:
  - component: {fileID: 390699583}
  m_Layer: 10
  m_Name: wolf
  m_TagString: Untagged
  m_Icon: {fileID: 0}
  m_NavMeshLayer: 0
  m_StaticEditorFlags: 0
  m_IsActive: 1
--- !u!4 &390699583
Transform:
  m_ObjectHideFlags: 0
  m_CorrespondingSourceObject: {fileID: 0}
  m_PrefabInstance: {fileID: 0}
  m_PrefabAsset: {fileID: 0}
  m_GameObject: {fileID: 390699582}
  m_LocalRotation: {x: 0, y: -0, z: -0, w: 1}
  m_LocalPosition: {x: -0, y: 0, z: 0}
  m_LocalScale: {x: 1, y: 1, z: 1}
  m_Children:
  - {fileID: 1512538437}
  - {fileID: 203442811}
  - {fileID: 345062083}
  m_Father: {fileID: 41545723}
  m_RootOrder: 0
  m_LocalEulerAnglesHint: {x: 0, y: 0, z: 0}
--- !u!1 &460830909
GameObject:
  m_ObjectHideFlags: 0
  m_CorrespondingSourceObject: {fileID: 0}
  m_PrefabInstance: {fileID: 0}
  m_PrefabAsset: {fileID: 0}
  serializedVersion: 6
  m_Component:
  - component: {fileID: 460830910}
  m_Layer: 10
  m_Name: R_B_01
  m_TagString: Untagged
  m_Icon: {fileID: 0}
  m_NavMeshLayer: 0
  m_StaticEditorFlags: 0
  m_IsActive: 1
--- !u!4 &460830910
Transform:
  m_ObjectHideFlags: 0
  m_CorrespondingSourceObject: {fileID: 0}
  m_PrefabInstance: {fileID: 0}
  m_PrefabAsset: {fileID: 0}
  m_GameObject: {fileID: 460830909}
  m_LocalRotation: {x: 0.000000010372827, y: -0.000000001576231, z: 0.20853598, w: 0.9780147}
  m_LocalPosition: {x: 0.26310652, y: 0.007802523, z: 0.0651016}
  m_LocalScale: {x: 1, y: 1, z: 1}
  m_Children:
  - {fileID: 1678543746}
  m_Father: {fileID: 88798487}
  m_RootOrder: 0
  m_LocalEulerAnglesHint: {x: 0, y: 0, z: 0}
--- !u!1 &515145678
GameObject:
  m_ObjectHideFlags: 0
  m_CorrespondingSourceObject: {fileID: 0}
  m_PrefabInstance: {fileID: 0}
  m_PrefabAsset: {fileID: 0}
  serializedVersion: 6
  m_Component:
  - component: {fileID: 515145679}
  m_Layer: 10
  m_Name: tail_01 1
  m_TagString: Untagged
  m_Icon: {fileID: 0}
  m_NavMeshLayer: 0
  m_StaticEditorFlags: 0
  m_IsActive: 1
--- !u!4 &515145679
Transform:
  m_ObjectHideFlags: 0
  m_CorrespondingSourceObject: {fileID: 0}
  m_PrefabInstance: {fileID: 0}
  m_PrefabAsset: {fileID: 0}
  m_GameObject: {fileID: 515145678}
  m_LocalRotation: {x: -9.576389e-11, y: 4.0006337e-10, z: 0.23279521, w: 0.9725258}
  m_LocalPosition: {x: -0.21081948, y: 0.010283878, z: -2.5817941e-17}
  m_LocalScale: {x: 1, y: 1, z: 1}
  m_Children:
  - {fileID: 367871457}
  m_Father: {fileID: 1685479388}
  m_RootOrder: 2
  m_LocalEulerAnglesHint: {x: -1.2285048e-15, y: -1.1325631e-16, z: 5.183615}
--- !u!1 &554544197
GameObject:
  m_ObjectHideFlags: 0
  m_CorrespondingSourceObject: {fileID: 0}
  m_PrefabInstance: {fileID: 0}
  m_PrefabAsset: {fileID: 0}
  serializedVersion: 6
  m_Component:
  - component: {fileID: 554544198}
  m_Layer: 10
  m_Name: root
  m_TagString: Untagged
  m_Icon: {fileID: 0}
  m_NavMeshLayer: 0
  m_StaticEditorFlags: 0
  m_IsActive: 1
--- !u!4 &554544198
Transform:
  m_ObjectHideFlags: 0
  m_CorrespondingSourceObject: {fileID: 0}
  m_PrefabInstance: {fileID: 0}
  m_PrefabAsset: {fileID: 0}
  m_GameObject: {fileID: 554544197}
  m_LocalRotation: {x: 0, y: -0, z: -0.22661301, w: 0.9739849}
  m_LocalPosition: {x: 0.011481474, y: 0.4492769, z: 1.1368684e-16}
  m_LocalScale: {x: 1, y: 1, z: 1}
  m_Children:
  - {fileID: 60828128}
  - {fileID: 1645955981}
  m_Father: {fileID: 1512538437}
  m_RootOrder: 0
  m_LocalEulerAnglesHint: {x: 0, y: 0, z: -26.195492}
--- !u!1 &573688428
GameObject:
  m_ObjectHideFlags: 0
  m_CorrespondingSourceObject: {fileID: 0}
  m_PrefabInstance: {fileID: 0}
  m_PrefabAsset: {fileID: 0}
  serializedVersion: 6
  m_Component:
  - component: {fileID: 573688429}
  m_Layer: 10
  m_Name: hip_ctrl
  m_TagString: Untagged
  m_Icon: {fileID: 0}
  m_NavMeshLayer: 0
  m_StaticEditorFlags: 0
  m_IsActive: 1
--- !u!4 &573688429
Transform:
  m_ObjectHideFlags: 0
  m_CorrespondingSourceObject: {fileID: 0}
  m_PrefabInstance: {fileID: 0}
  m_PrefabAsset: {fileID: 0}
  m_GameObject: {fileID: 573688428}
  m_LocalRotation: {x: 0, y: 0, z: 0.1736482, w: 0.9848078}
  m_LocalPosition: {x: -0.0009779008, y: -0.14292398, z: -1.1975832e-19}
  m_LocalScale: {x: 1e-12, y: 1, z: 1}
  m_Children: []
  m_Father: {fileID: 1822833988}
  m_RootOrder: 0
  m_LocalEulerAnglesHint: {x: 0, y: 0, z: 0}
--- !u!1 &614500235
GameObject:
  m_ObjectHideFlags: 0
  m_CorrespondingSourceObject: {fileID: 0}
  m_PrefabInstance: {fileID: 0}
  m_PrefabAsset: {fileID: 0}
  serializedVersion: 6
  m_Component:
  - component: {fileID: 614500236}
  m_Layer: 10
  m_Name: shoulders 1
  m_TagString: Untagged
  m_Icon: {fileID: 0}
  m_NavMeshLayer: 0
  m_StaticEditorFlags: 0
  m_IsActive: 1
--- !u!4 &614500236
Transform:
  m_ObjectHideFlags: 0
  m_CorrespondingSourceObject: {fileID: 0}
  m_PrefabInstance: {fileID: 0}
  m_PrefabAsset: {fileID: 0}
  m_GameObject: {fileID: 614500235}
  m_LocalRotation: {x: 0, y: 0, z: 0.013757561, w: 0.9999054}
  m_LocalPosition: {x: -0.18689452, y: 5.6843423e-16, z: 0}
  m_LocalScale: {x: 1, y: 1, z: 1}
  m_Children:
  - {fileID: 309039431}
  - {fileID: 277285157}
  - {fileID: 1185003555}
  m_Father: {fileID: 240928317}
  m_RootOrder: 0
  m_LocalEulerAnglesHint: {x: 0, y: 0, z: -16.568453}
--- !u!1 &664327038
GameObject:
  m_ObjectHideFlags: 0
  m_CorrespondingSourceObject: {fileID: 0}
  m_PrefabInstance: {fileID: 0}
  m_PrefabAsset: {fileID: 0}
  serializedVersion: 6
  m_Component:
  - component: {fileID: 664327039}
  - component: {fileID: 1056396737}
  m_Layer: 10
  m_Name: root_ctrl 1
  m_TagString: Untagged
  m_Icon: {fileID: 0}
  m_NavMeshLayer: 0
  m_StaticEditorFlags: 0
  m_IsActive: 1
--- !u!4 &664327039
Transform:
  m_ObjectHideFlags: 0
  m_CorrespondingSourceObject: {fileID: 0}
  m_PrefabInstance: {fileID: 0}
  m_PrefabAsset: {fileID: 0}
  m_GameObject: {fileID: 664327038}
  m_LocalRotation: {x: 0, y: -0, z: -0, w: 1}
  m_LocalPosition: {x: -0, y: 0, z: 0}
  m_LocalScale: {x: 1, y: 1, z: 1}
  m_Children: []
  m_Father: {fileID: 1169046460}
  m_RootOrder: 0
  m_LocalEulerAnglesHint: {x: 0, y: 0, z: 0}
--- !u!65 &1056396737
BoxCollider:
  m_ObjectHideFlags: 0
  m_CorrespondingSourceObject: {fileID: 0}
  m_PrefabInstance: {fileID: 0}
  m_PrefabAsset: {fileID: 0}
  m_GameObject: {fileID: 664327038}
  m_Material: {fileID: 0}
  m_IsTrigger: 0
  m_Enabled: 1
  serializedVersion: 2
  m_Size: {x: 1.66, y: 1, z: 1.85}
  m_Center: {x: 0.21, y: -0.16, z: 0.44}
--- !u!1 &689188735
GameObject:
  m_ObjectHideFlags: 0
  m_CorrespondingSourceObject: {fileID: 0}
  m_PrefabInstance: {fileID: 0}
  m_PrefabAsset: {fileID: 0}
  serializedVersion: 6
  m_Component:
  - component: {fileID: 689188736}
  m_Layer: 10
  m_Name: neck
  m_TagString: Untagged
  m_Icon: {fileID: 0}
  m_NavMeshLayer: 0
  m_StaticEditorFlags: 0
  m_IsActive: 1
--- !u!4 &689188736
Transform:
  m_ObjectHideFlags: 0
  m_CorrespondingSourceObject: {fileID: 0}
  m_PrefabInstance: {fileID: 0}
  m_PrefabAsset: {fileID: 0}
  m_GameObject: {fileID: 689188735}
  m_LocalRotation: {x: 0, y: 0, z: 0.12186934, w: 0.99254614}
  m_LocalPosition: {x: -0.16708809, y: 0.008764856, z: 0}
  m_LocalScale: {x: 1, y: 1, z: 1}
  m_Children:
  - {fileID: 1481311717}
  m_Father: {fileID: 1697057829}
  m_RootOrder: 1
  m_LocalEulerAnglesHint: {x: 0, y: 0, z: -0.028194724}
--- !u!1 &711609339
GameObject:
  m_ObjectHideFlags: 0
  m_CorrespondingSourceObject: {fileID: 0}
  m_PrefabInstance: {fileID: 0}
  m_PrefabAsset: {fileID: 0}
  serializedVersion: 6
  m_Component:
  - component: {fileID: 711609340}
  - component: {fileID: 711609341}
  m_Layer: 10
  m_Name: body_01
  m_TagString: Untagged
  m_Icon: {fileID: 0}
  m_NavMeshLayer: 0
  m_StaticEditorFlags: 0
  m_IsActive: 1
--- !u!4 &711609340
Transform:
  m_ObjectHideFlags: 0
  m_CorrespondingSourceObject: {fileID: 0}
  m_PrefabInstance: {fileID: 0}
  m_PrefabAsset: {fileID: 0}
  m_GameObject: {fileID: 711609339}
  m_LocalRotation: {x: 0, y: -0, z: -0, w: 1}
  m_LocalPosition: {x: -0, y: -0.0028577626, z: 0}
  m_LocalScale: {x: 1, y: 1, z: 1}
  m_Children: []
  m_Father: {fileID: 1705388313}
  m_RootOrder: 0
  m_LocalEulerAnglesHint: {x: 0, y: 0, z: 0}
--- !u!137 &711609341
SkinnedMeshRenderer:
  m_ObjectHideFlags: 0
  m_CorrespondingSourceObject: {fileID: 0}
  m_PrefabInstance: {fileID: 0}
  m_PrefabAsset: {fileID: 0}
  m_GameObject: {fileID: 711609339}
  m_Enabled: 1
  m_CastShadows: 1
  m_ReceiveShadows: 1
  m_DynamicOccludee: 1
  m_MotionVectors: 1
  m_LightProbeUsage: 1
  m_ReflectionProbeUsage: 1
  m_RenderingLayerMask: 1
  m_RendererPriority: 0
  m_Materials:
  - {fileID: 2100000, guid: 3d2723c1c936b094e915367b2db79243, type: 2}
  - {fileID: 2100000, guid: a9a741ea1cc10494c8b6d9616633b195, type: 2}
  m_StaticBatchInfo:
    firstSubMesh: 0
    subMeshCount: 0
  m_StaticBatchRoot: {fileID: 0}
  m_ProbeAnchor: {fileID: 0}
  m_LightProbeVolumeOverride: {fileID: 0}
  m_ScaleInLightmap: 1
  m_PreserveUVs: 0
  m_IgnoreNormalsForChartDetection: 0
  m_ImportantGI: 0
  m_StitchLightmapSeams: 0
  m_SelectedEditorRenderState: 3
  m_MinimumChartSize: 4
  m_AutoUVMaxDistance: 0.5
  m_AutoUVMaxAngle: 89
  m_LightmapParameters: {fileID: 0}
  m_SortingLayerID: 0
  m_SortingLayer: 0
  m_SortingOrder: 0
  serializedVersion: 2
  m_Quality: 0
  m_UpdateWhenOffscreen: 0
  m_SkinnedMotionVectors: 1
  m_Mesh: {fileID: 4300000, guid: d643522822a214341b220136c495bacb, type: 3}
  m_Bones:
  - {fileID: 2051144734}
  - {fileID: 240928317}
  - {fileID: 614500236}
  - {fileID: 277285157}
  - {fileID: 1968341551}
  - {fileID: 309039431}
  - {fileID: 1190797425}
  - {fileID: 1622450943}
  - {fileID: 1185003555}
  - {fileID: 1099998403}
  - {fileID: 1385714641}
  - {fileID: 1685479388}
  - {fileID: 515145679}
  - {fileID: 367871457}
  - {fileID: 137520031}
  - {fileID: 1724743920}
  - {fileID: 1405380392}
  - {fileID: 1529676700}
  - {fileID: 1323808885}
  - {fileID: 1506791771}
  - {fileID: 877925998}
  m_BlendShapeWeights: []
  m_RootBone: {fileID: 2051144734}
  m_AABB:
    m_Center: {x: 0.018975139, y: -0.021084845, z: -0.000000029802322}
    m_Extent: {x: 1.0692371, y: 0.587786, z: 0.27870628}
  m_DirtyAABB: 0
--- !u!1 &739462035
GameObject:
  m_ObjectHideFlags: 0
  m_CorrespondingSourceObject: {fileID: 0}
  m_PrefabInstance: {fileID: 0}
  m_PrefabAsset: {fileID: 0}
  serializedVersion: 6
  m_Component:
  - component: {fileID: 739462036}
  m_Layer: 10
  m_Name: tail_end 1
  m_TagString: Untagged
  m_Icon: {fileID: 0}
  m_NavMeshLayer: 0
  m_StaticEditorFlags: 0
  m_IsActive: 1
--- !u!4 &739462036
Transform:
  m_ObjectHideFlags: 0
  m_CorrespondingSourceObject: {fileID: 0}
  m_PrefabInstance: {fileID: 0}
  m_PrefabAsset: {fileID: 0}
  m_GameObject: {fileID: 739462035}
  m_LocalRotation: {x: -0.020676387, y: 0.99978626, z: 6.1219253e-17, w: -1.2660635e-18}
  m_LocalPosition: {x: -0.24455883, y: -0.10103834, z: -3.0435786e-17}
  m_LocalScale: {x: 1, y: 1, z: 1}
  m_Children: []
  m_Father: {fileID: 137520031}
  m_RootOrder: 0
  m_LocalEulerAnglesHint: {x: 0, y: 0, z: 0}
--- !u!1 &762765820
GameObject:
  m_ObjectHideFlags: 0
  m_CorrespondingSourceObject: {fileID: 0}
  m_PrefabInstance: {fileID: 0}
  m_PrefabAsset: {fileID: 0}
  serializedVersion: 6
  m_Component:
  - component: {fileID: 762765821}
  m_Layer: 10
  m_Name: tail_02
  m_TagString: Untagged
  m_Icon: {fileID: 0}
  m_NavMeshLayer: 0
  m_StaticEditorFlags: 0
  m_IsActive: 1
--- !u!4 &762765821
Transform:
  m_ObjectHideFlags: 0
  m_CorrespondingSourceObject: {fileID: 0}
  m_PrefabInstance: {fileID: 0}
  m_PrefabAsset: {fileID: 0}
  m_GameObject: {fileID: 762765820}
  m_LocalRotation: {x: -2.9952135e-10, y: 1.5925833e-10, z: -0.4694716, w: 0.8829476}
  m_LocalPosition: {x: -0.23652919, y: -0.12854847, z: -2.8966472e-17}
  m_LocalScale: {x: 1, y: 1, z: 1}
  m_Children:
  - {fileID: 2063883380}
  m_Father: {fileID: 1403918159}
  m_RootOrder: 0
  m_LocalEulerAnglesHint: {x: 0, y: 0, z: -56}
--- !u!1 &868457800
GameObject:
  m_ObjectHideFlags: 0
  m_CorrespondingSourceObject: {fileID: 0}
  m_PrefabInstance: {fileID: 0}
  m_PrefabAsset: {fileID: 0}
  serializedVersion: 6
  m_Component:
  - component: {fileID: 868457801}
  m_Layer: 10
  m_Name: end
  m_TagString: Untagged
  m_Icon: {fileID: 0}
  m_NavMeshLayer: 0
  m_StaticEditorFlags: 0
  m_IsActive: 1
--- !u!4 &868457801
Transform:
  m_ObjectHideFlags: 0
  m_CorrespondingSourceObject: {fileID: 0}
  m_PrefabInstance: {fileID: 0}
  m_PrefabAsset: {fileID: 0}
  m_GameObject: {fileID: 868457800}
  m_LocalRotation: {x: 0.7071068, y: 0.7071068, z: 4.3297806e-17, w: 4.3297806e-17}
  m_LocalPosition: {x: -0.28237396, y: 0.10735437, z: -0.026413841}
  m_LocalScale: {x: 1, y: 1, z: 1}
  m_Children: []
  m_Father: {fileID: 889721150}
  m_RootOrder: 0
  m_LocalEulerAnglesHint: {x: 0, y: 0, z: 0}
--- !u!1 &874466016
GameObject:
  m_ObjectHideFlags: 0
  m_CorrespondingSourceObject: {fileID: 0}
  m_PrefabInstance: {fileID: 0}
  m_PrefabAsset: {fileID: 0}
  serializedVersion: 6
  m_Component:
  - component: {fileID: 874466017}
  m_Layer: 10
  m_Name: L_B_leg
  m_TagString: Untagged
  m_Icon: {fileID: 0}
  m_NavMeshLayer: 0
  m_StaticEditorFlags: 0
  m_IsActive: 1
--- !u!4 &874466017
Transform:
  m_ObjectHideFlags: 0
  m_CorrespondingSourceObject: {fileID: 0}
  m_PrefabInstance: {fileID: 0}
  m_PrefabAsset: {fileID: 0}
  m_GameObject: {fileID: 874466016}
  m_LocalRotation: {x: 0.14794211, y: -0.09092209, z: 0.8390214, w: 0.5156448}
  m_LocalPosition: {x: -0.07884306, y: -0.08569898, z: -0.16268067}
  m_LocalScale: {x: 1, y: 1, z: 1}
  m_Children:
  - {fileID: 889721150}
  m_Father: {fileID: 1645955981}
  m_RootOrder: 0
  m_LocalEulerAnglesHint: {x: 0, y: 0, z: 0}
--- !u!1 &877925997
GameObject:
  m_ObjectHideFlags: 0
  m_CorrespondingSourceObject: {fileID: 0}
  m_PrefabInstance: {fileID: 0}
  m_PrefabAsset: {fileID: 0}
  serializedVersion: 6
  m_Component:
  - component: {fileID: 877925998}
  m_Layer: 10
  m_Name: end 3
  m_TagString: Untagged
  m_Icon: {fileID: 0}
  m_NavMeshLayer: 0
  m_StaticEditorFlags: 0
  m_IsActive: 1
--- !u!4 &877925998
Transform:
  m_ObjectHideFlags: 0
  m_CorrespondingSourceObject: {fileID: 0}
  m_PrefabInstance: {fileID: 0}
  m_PrefabAsset: {fileID: 0}
  m_GameObject: {fileID: 877925997}
  m_LocalRotation: {x: 0.7071068, y: 0.7071068, z: 0.000000015589174, w: 0.0000000052683564}
  m_LocalPosition: {x: 0.2823736, y: -0.10735478, z: 0.026414402}
  m_LocalScale: {x: 1, y: 1, z: 1}
  m_Children: []
  m_Father: {fileID: 1506791771}
  m_RootOrder: 0
  m_LocalEulerAnglesHint: {x: 0, y: 0, z: 0}
--- !u!1 &889721149
GameObject:
  m_ObjectHideFlags: 0
  m_CorrespondingSourceObject: {fileID: 0}
  m_PrefabInstance: {fileID: 0}
  m_PrefabAsset: {fileID: 0}
  serializedVersion: 6
  m_Component:
  - component: {fileID: 889721150}
  m_Layer: 10
  m_Name: L_B_01
  m_TagString: Untagged
  m_Icon: {fileID: 0}
  m_NavMeshLayer: 0
  m_StaticEditorFlags: 0
  m_IsActive: 1
--- !u!4 &889721150
Transform:
  m_ObjectHideFlags: 0
  m_CorrespondingSourceObject: {fileID: 0}
  m_PrefabInstance: {fileID: 0}
  m_PrefabAsset: {fileID: 0}
  m_GameObject: {fileID: 889721149}
  m_LocalRotation: {x: -6.5395555e-18, y: -5.9931585e-17, z: 0.20853598, w: 0.9780147}
  m_LocalPosition: {x: -0.2631062, y: -0.0078022946, z: -0.06510202}
  m_LocalScale: {x: 1, y: 1, z: 1}
  m_Children:
  - {fileID: 868457801}
  m_Father: {fileID: 874466017}
  m_RootOrder: 0
  m_LocalEulerAnglesHint: {x: 0, y: 0, z: 0}
--- !u!1 &1099998402
GameObject:
  m_ObjectHideFlags: 0
  m_CorrespondingSourceObject: {fileID: 0}
  m_PrefabInstance: {fileID: 0}
  m_PrefabAsset: {fileID: 0}
  serializedVersion: 6
  m_Component:
  - component: {fileID: 1099998403}
  m_Layer: 10
  m_Name: R_F_01 1
  m_TagString: Untagged
  m_Icon: {fileID: 0}
  m_NavMeshLayer: 0
  m_StaticEditorFlags: 0
  m_IsActive: 1
--- !u!4 &1099998403
Transform:
  m_ObjectHideFlags: 0
  m_CorrespondingSourceObject: {fileID: 0}
  m_PrefabInstance: {fileID: 0}
  m_PrefabAsset: {fileID: 0}
  m_GameObject: {fileID: 1099998402}
  m_LocalRotation: {x: 0, y: -0, z: -0.16332497, w: 0.9865723}
  m_LocalPosition: {x: 0.28109282, y: -5.684342e-17, z: 0}
  m_LocalScale: {x: 1, y: 1, z: 1}
  m_Children:
  - {fileID: 1385714641}
  m_Father: {fileID: 1185003555}
  m_RootOrder: 0
  m_LocalEulerAnglesHint: {x: 0, y: 0, z: 0}
--- !u!1 &1169046459
GameObject:
  m_ObjectHideFlags: 0
  m_CorrespondingSourceObject: {fileID: 0}
  m_PrefabInstance: {fileID: 0}
  m_PrefabAsset: {fileID: 0}
  serializedVersion: 6
  m_Component:
  - component: {fileID: 1169046460}
  m_Layer: 10
  m_Name: root_gpr 1
  m_TagString: Untagged
  m_Icon: {fileID: 0}
  m_NavMeshLayer: 0
  m_StaticEditorFlags: 0
  m_IsActive: 1
--- !u!4 &1169046460
Transform:
  m_ObjectHideFlags: 0
  m_CorrespondingSourceObject: {fileID: 0}
  m_PrefabInstance: {fileID: 0}
  m_PrefabAsset: {fileID: 0}
  m_GameObject: {fileID: 1169046459}
  m_LocalRotation: {x: 0, y: -0, z: -0, w: 1}
  m_LocalPosition: {x: 0.011481474, y: 0.58151835, z: 0}
  m_LocalScale: {x: 1, y: 1, z: 1}
  m_Children:
  - {fileID: 664327039}
  m_Father: {fileID: 365964536}
  m_RootOrder: 0
  m_LocalEulerAnglesHint: {x: 0, y: 0, z: 0}
--- !u!1 &1185003554
GameObject:
  m_ObjectHideFlags: 0
  m_CorrespondingSourceObject: {fileID: 0}
  m_PrefabInstance: {fileID: 0}
  m_PrefabAsset: {fileID: 0}
  serializedVersion: 6
  m_Component:
  - component: {fileID: 1185003555}
  m_Layer: 10
  m_Name: R_F_leg 1
  m_TagString: Untagged
  m_Icon: {fileID: 0}
  m_NavMeshLayer: 0
  m_StaticEditorFlags: 0
  m_IsActive: 1
--- !u!4 &1185003555
Transform:
  m_ObjectHideFlags: 0
  m_CorrespondingSourceObject: {fileID: 0}
  m_PrefabInstance: {fileID: 0}
  m_PrefabAsset: {fileID: 0}
  m_GameObject: {fileID: 1185003554}
  m_LocalRotation: {x: 0, y: -0, z: -0.7071068, w: 0.7071068}
  m_LocalPosition: {x: 0.030851485, y: -0.061703447, z: -0.19858322}
  m_LocalScale: {x: 1, y: 1, z: 1}
  m_Children:
  - {fileID: 1099998403}
  m_Father: {fileID: 614500236}
  m_RootOrder: 2
  m_LocalEulerAnglesHint: {x: 0, y: 0, z: -70.84695}
--- !u!1 &1190797424
GameObject:
  m_ObjectHideFlags: 0
  m_CorrespondingSourceObject: {fileID: 0}
  m_PrefabInstance: {fileID: 0}
  m_PrefabAsset: {fileID: 0}
  serializedVersion: 6
  m_Component:
  - component: {fileID: 1190797425}
  m_Layer: 10
  m_Name: L_F_01 1
  m_TagString: Untagged
  m_Icon: {fileID: 0}
  m_NavMeshLayer: 0
  m_StaticEditorFlags: 0
  m_IsActive: 1
--- !u!4 &1190797425
Transform:
  m_ObjectHideFlags: 0
  m_CorrespondingSourceObject: {fileID: 0}
  m_PrefabInstance: {fileID: 0}
  m_PrefabAsset: {fileID: 0}
  m_GameObject: {fileID: 1190797424}
  m_LocalRotation: {x: 0, y: -0, z: -0.16332497, w: 0.9865723}
  m_LocalPosition: {x: -0.28109267, y: 5.5716855e-18, z: 0}
  m_LocalScale: {x: 1, y: 1, z: 1}
  m_Children:
  - {fileID: 1622450943}
  m_Father: {fileID: 309039431}
  m_RootOrder: 0
  m_LocalEulerAnglesHint: {x: 0, y: 0, z: 0}
--- !u!1 &1243248917
GameObject:
  m_ObjectHideFlags: 0
  m_CorrespondingSourceObject: {fileID: 0}
  m_PrefabInstance: {fileID: 0}
  m_PrefabAsset: {fileID: 0}
  serializedVersion: 6
  m_Component:
  - component: {fileID: 1243248918}
  m_Layer: 10
  m_Name: end1
  m_TagString: Untagged
  m_Icon: {fileID: 0}
  m_NavMeshLayer: 0
  m_StaticEditorFlags: 0
  m_IsActive: 1
--- !u!4 &1243248918
Transform:
  m_ObjectHideFlags: 0
  m_CorrespondingSourceObject: {fileID: 0}
  m_PrefabInstance: {fileID: 0}
  m_PrefabAsset: {fileID: 0}
  m_GameObject: {fileID: 1243248917}
  m_LocalRotation: {x: 0.000000008567404, y: -0.0000000061336713, z: -0.5821238, w: 0.8131002}
  m_LocalPosition: {x: 0.25529066, y: -0.0000002842367, z: -2.842171e-17}
  m_LocalScale: {x: 1, y: 1, z: 1}
  m_Children: []
  m_Father: {fileID: 1262998837}
  m_RootOrder: 0
  m_LocalEulerAnglesHint: {x: 0, y: 0, z: 0}
--- !u!1 &1262998836
GameObject:
  m_ObjectHideFlags: 0
  m_CorrespondingSourceObject: {fileID: 0}
  m_PrefabInstance: {fileID: 0}
  m_PrefabAsset: {fileID: 0}
  serializedVersion: 6
  m_Component:
  - component: {fileID: 1262998837}
  m_Layer: 10
  m_Name: R_F_01
  m_TagString: Untagged
  m_Icon: {fileID: 0}
  m_NavMeshLayer: 0
  m_StaticEditorFlags: 0
  m_IsActive: 1
--- !u!4 &1262998837
Transform:
  m_ObjectHideFlags: 0
  m_CorrespondingSourceObject: {fileID: 0}
  m_PrefabInstance: {fileID: 0}
  m_PrefabAsset: {fileID: 0}
  m_GameObject: {fileID: 1262998836}
  m_LocalRotation: {x: 0, y: -0, z: -0.16332497, w: 0.9865723}
  m_LocalPosition: {x: 0.28109282, y: -5.684342e-17, z: 0}
  m_LocalScale: {x: 1, y: 1, z: 1}
  m_Children:
  - {fileID: 1243248918}
  m_Father: {fileID: 1394084997}
  m_RootOrder: 0
  m_LocalEulerAnglesHint: {x: 0, y: 0, z: 0}
--- !u!1 &1323808884
GameObject:
  m_ObjectHideFlags: 0
  m_CorrespondingSourceObject: {fileID: 0}
  m_PrefabInstance: {fileID: 0}
  m_PrefabAsset: {fileID: 0}
  serializedVersion: 6
  m_Component:
  - component: {fileID: 1323808885}
  m_Layer: 10
  m_Name: R_B_leg 1
  m_TagString: Untagged
  m_Icon: {fileID: 0}
  m_NavMeshLayer: 0
  m_StaticEditorFlags: 0
  m_IsActive: 1
--- !u!4 &1323808885
Transform:
  m_ObjectHideFlags: 0
  m_CorrespondingSourceObject: {fileID: 0}
  m_PrefabInstance: {fileID: 0}
  m_PrefabAsset: {fileID: 0}
  m_GameObject: {fileID: 1323808884}
  m_LocalRotation: {x: -0.0000000038563983, y: 0.0000000063748997, z: -0.6793097,
    w: 0.7338517}
  m_LocalPosition: {x: -0.07884314, y: -0.085698955, z: 0.1626808}
  m_LocalScale: {x: 1, y: 1, z: 1}
  m_Children:
  - {fileID: 1506791771}
  m_Father: {fileID: 1685479388}
  m_RootOrder: 1
  m_LocalEulerAnglesHint: {x: 0.00000013373526, y: 0.00000065043963, z: -65.36943}
--- !u!1 &1366060738
GameObject:
  m_ObjectHideFlags: 0
  m_CorrespondingSourceObject: {fileID: 0}
  m_PrefabInstance: {fileID: 0}
  m_PrefabAsset: {fileID: 0}
  serializedVersion: 6
  m_Component:
  - component: {fileID: 1366060739}
  m_Layer: 10
  m_Name: L_F_01
  m_TagString: Untagged
  m_Icon: {fileID: 0}
  m_NavMeshLayer: 0
  m_StaticEditorFlags: 0
  m_IsActive: 1
--- !u!4 &1366060739
Transform:
  m_ObjectHideFlags: 0
  m_CorrespondingSourceObject: {fileID: 0}
  m_PrefabInstance: {fileID: 0}
  m_PrefabAsset: {fileID: 0}
  m_GameObject: {fileID: 1366060738}
  m_LocalRotation: {x: 0, y: -0, z: -0.16332497, w: 0.9865723}
  m_LocalPosition: {x: -0.28109267, y: 5.5716855e-18, z: 0}
  m_LocalScale: {x: 1, y: 1, z: 1}
  m_Children:
  - {fileID: 271749617}
  m_Father: {fileID: 2019686440}
  m_RootOrder: 0
  m_LocalEulerAnglesHint: {x: 0, y: 0, z: 0}
--- !u!1 &1385714640
GameObject:
  m_ObjectHideFlags: 0
  m_CorrespondingSourceObject: {fileID: 0}
  m_PrefabInstance: {fileID: 0}
  m_PrefabAsset: {fileID: 0}
  serializedVersion: 6
  m_Component:
  - component: {fileID: 1385714641}
  m_Layer: 10
  m_Name: end1 1
  m_TagString: Untagged
  m_Icon: {fileID: 0}
  m_NavMeshLayer: 0
  m_StaticEditorFlags: 0
  m_IsActive: 1
--- !u!4 &1385714641
Transform:
  m_ObjectHideFlags: 0
  m_CorrespondingSourceObject: {fileID: 0}
  m_PrefabInstance: {fileID: 0}
  m_PrefabAsset: {fileID: 0}
  m_GameObject: {fileID: 1385714640}
  m_LocalRotation: {x: 0.000000008567404, y: -0.0000000061336713, z: -0.5821238, w: 0.8131002}
  m_LocalPosition: {x: 0.25529066, y: -0.0000002842367, z: -2.842171e-17}
  m_LocalScale: {x: 1, y: 1, z: 1}
  m_Children: []
  m_Father: {fileID: 1099998403}
  m_RootOrder: 0
  m_LocalEulerAnglesHint: {x: 0, y: 0, z: 0}
--- !u!1 &1394084996
GameObject:
  m_ObjectHideFlags: 0
  m_CorrespondingSourceObject: {fileID: 0}
  m_PrefabInstance: {fileID: 0}
  m_PrefabAsset: {fileID: 0}
  serializedVersion: 6
  m_Component:
  - component: {fileID: 1394084997}
  m_Layer: 10
  m_Name: R_F_leg
  m_TagString: Untagged
  m_Icon: {fileID: 0}
  m_NavMeshLayer: 0
  m_StaticEditorFlags: 0
  m_IsActive: 1
--- !u!4 &1394084997
Transform:
  m_ObjectHideFlags: 0
  m_CorrespondingSourceObject: {fileID: 0}
  m_PrefabInstance: {fileID: 0}
  m_PrefabAsset: {fileID: 0}
  m_GameObject: {fileID: 1394084996}
  m_LocalRotation: {x: 0, y: -0, z: -0.50028574, w: 0.8658604}
  m_LocalPosition: {x: 0.030851485, y: -0.061703447, z: -0.19858322}
  m_LocalScale: {x: 1, y: 1, z: 1}
  m_Children:
  - {fileID: 1262998837}
  m_Father: {fileID: 1697057829}
  m_RootOrder: 2
  m_LocalEulerAnglesHint: {x: 0, y: 0, z: 0}
--- !u!1 &1403918158
GameObject:
  m_ObjectHideFlags: 0
  m_CorrespondingSourceObject: {fileID: 0}
  m_PrefabInstance: {fileID: 0}
  m_PrefabAsset: {fileID: 0}
  serializedVersion: 6
  m_Component:
  - component: {fileID: 1403918159}
  m_Layer: 10
  m_Name: tail_01
  m_TagString: Untagged
  m_Icon: {fileID: 0}
  m_NavMeshLayer: 0
  m_StaticEditorFlags: 0
  m_IsActive: 1
--- !u!4 &1403918159
Transform:
  m_ObjectHideFlags: 0
  m_CorrespondingSourceObject: {fileID: 0}
  m_PrefabInstance: {fileID: 0}
  m_PrefabAsset: {fileID: 0}
  m_GameObject: {fileID: 1403918158}
  m_LocalRotation: {x: 0, y: -0, z: -0.49682346, w: 0.8678517}
  m_LocalPosition: {x: -0.21081948, y: 0.010283878, z: -2.5817941e-17}
  m_LocalScale: {x: 1, y: 1, z: 1}
  m_Children:
  - {fileID: 762765821}
  m_Father: {fileID: 1645955981}
  m_RootOrder: 2
  m_LocalEulerAnglesHint: {x: 0, y: 0, z: 0}
--- !u!1 &1405380391
GameObject:
  m_ObjectHideFlags: 0
  m_CorrespondingSourceObject: {fileID: 0}
  m_PrefabInstance: {fileID: 0}
  m_PrefabAsset: {fileID: 0}
  serializedVersion: 6
  m_Component:
  - component: {fileID: 1405380392}
  m_Layer: 10
  m_Name: L_B_01 1
  m_TagString: Untagged
  m_Icon: {fileID: 0}
  m_NavMeshLayer: 0
  m_StaticEditorFlags: 0
  m_IsActive: 1
--- !u!4 &1405380392
Transform:
  m_ObjectHideFlags: 0
  m_CorrespondingSourceObject: {fileID: 0}
  m_PrefabInstance: {fileID: 0}
  m_PrefabAsset: {fileID: 0}
  m_GameObject: {fileID: 1405380391}
  m_LocalRotation: {x: 8.2953295e-18, y: -5.9713884e-17, z: -0.036635574, w: 0.9993287}
  m_LocalPosition: {x: -0.2631062, y: -0.0078022946, z: -0.06510202}
  m_LocalScale: {x: 1, y: 1, z: 1}
  m_Children:
  - {fileID: 1529676700}
  m_Father: {fileID: 1724743920}
  m_RootOrder: 0
  m_LocalEulerAnglesHint: {x: 5.693444e-16, y: -5.5960955e-15, z: -43.381477}
--- !u!1 &1448229630
GameObject:
  m_ObjectHideFlags: 0
  m_CorrespondingSourceObject: {fileID: 0}
  m_PrefabInstance: {fileID: 0}
  m_PrefabAsset: {fileID: 0}
  serializedVersion: 6
  m_Component:
  - component: {fileID: 1448229631}
  m_Layer: 10
  m_Name: root_gpr
  m_TagString: Untagged
  m_Icon: {fileID: 0}
  m_NavMeshLayer: 0
  m_StaticEditorFlags: 0
  m_IsActive: 1
--- !u!4 &1448229631
Transform:
  m_ObjectHideFlags: 0
  m_CorrespondingSourceObject: {fileID: 0}
  m_PrefabInstance: {fileID: 0}
  m_PrefabAsset: {fileID: 0}
  m_GameObject: {fileID: 1448229630}
  m_LocalRotation: {x: 0, y: -0, z: -0, w: 1}
  m_LocalPosition: {x: 0.011481474, y: 0.58151835, z: 0}
  m_LocalScale: {x: 1, y: 1, z: 1}
  m_Children:
  - {fileID: 216946383}
  m_Father: {fileID: 203442811}
  m_RootOrder: 0
  m_LocalEulerAnglesHint: {x: 0, y: 0, z: 0}
--- !u!1 &1481311716
GameObject:
  m_ObjectHideFlags: 0
  m_CorrespondingSourceObject: {fileID: 0}
  m_PrefabInstance: {fileID: 0}
  m_PrefabAsset: {fileID: 0}
  serializedVersion: 6
  m_Component:
  - component: {fileID: 1481311717}
  m_Layer: 10
  m_Name: head
  m_TagString: Untagged
  m_Icon: {fileID: 0}
  m_NavMeshLayer: 0
  m_StaticEditorFlags: 0
  m_IsActive: 1
--- !u!4 &1481311717
Transform:
  m_ObjectHideFlags: 0
  m_CorrespondingSourceObject: {fileID: 0}
  m_PrefabInstance: {fileID: 0}
  m_PrefabAsset: {fileID: 0}
  m_GameObject: {fileID: 1481311716}
  m_LocalRotation: {x: -0.11697778, y: 0.32139382, z: 0.32139382, w: 0.88302225}
  m_LocalPosition: {x: -0.15083021, y: 0.10455275, z: 0}
  m_LocalScale: {x: 1, y: 1, z: 1}
  m_Children:
  - {fileID: 295715755}
  m_Father: {fileID: 689188736}
  m_RootOrder: 0
  m_LocalEulerAnglesHint: {x: 0, y: 0, z: -1.6944828}
--- !u!1 &1506791770
GameObject:
  m_ObjectHideFlags: 0
  m_CorrespondingSourceObject: {fileID: 0}
  m_PrefabInstance: {fileID: 0}
  m_PrefabAsset: {fileID: 0}
  serializedVersion: 6
  m_Component:
  - component: {fileID: 1506791771}
  m_Layer: 10
  m_Name: R_B_01 1
  m_TagString: Untagged
  m_Icon: {fileID: 0}
  m_NavMeshLayer: 0
  m_StaticEditorFlags: 0
  m_IsActive: 1
--- !u!4 &1506791771
Transform:
  m_ObjectHideFlags: 0
  m_CorrespondingSourceObject: {fileID: 0}
  m_PrefabInstance: {fileID: 0}
  m_PrefabAsset: {fileID: 0}
  m_GameObject: {fileID: 1506791770}
  m_LocalRotation: {x: 0.000000010443677, y: 0.000000001004815, z: -0.036635574, w: 0.9993287}
  m_LocalPosition: {x: 0.26310652, y: 0.007802523, z: 0.0651016}
  m_LocalScale: {x: 1, y: 1, z: 1}
  m_Children:
  - {fileID: 877925998}
  m_Father: {fileID: 1323808885}
  m_RootOrder: 0
  m_LocalEulerAnglesHint: {x: 0.0000009772064, y: 0.000000057990565, z: -43.381477}
--- !u!1 &1512538436
GameObject:
  m_ObjectHideFlags: 0
  m_CorrespondingSourceObject: {fileID: 0}
  m_PrefabInstance: {fileID: 0}
  m_PrefabAsset: {fileID: 0}
  serializedVersion: 6
  m_Component:
  - component: {fileID: 1512538437}
  m_Layer: 10
  m_Name: joint_grp
  m_TagString: Untagged
  m_Icon: {fileID: 0}
  m_NavMeshLayer: 0
  m_StaticEditorFlags: 0
  m_IsActive: 1
--- !u!4 &1512538437
Transform:
  m_ObjectHideFlags: 0
  m_CorrespondingSourceObject: {fileID: 0}
  m_PrefabInstance: {fileID: 0}
  m_PrefabAsset: {fileID: 0}
  m_GameObject: {fileID: 1512538436}
  m_LocalRotation: {x: 0, y: 0.17661653, z: -0, w: 0.98427975}
  m_LocalPosition: {x: 0.43062592, y: 0, z: 0.8285179}
  m_LocalScale: {x: 1, y: 1, z: 1}
  m_Children:
  - {fileID: 554544198}
  m_Father: {fileID: 390699583}
  m_RootOrder: 0
  m_LocalEulerAnglesHint: {x: 0, y: 20.345486, z: 0}
--- !u!1 &1529676699
GameObject:
  m_ObjectHideFlags: 0
  m_CorrespondingSourceObject: {fileID: 0}
  m_PrefabInstance: {fileID: 0}
  m_PrefabAsset: {fileID: 0}
  serializedVersion: 6
  m_Component:
  - component: {fileID: 1529676700}
  m_Layer: 10
  m_Name: end 2
  m_TagString: Untagged
  m_Icon: {fileID: 0}
  m_NavMeshLayer: 0
  m_StaticEditorFlags: 0
  m_IsActive: 1
--- !u!4 &1529676700
Transform:
  m_ObjectHideFlags: 0
  m_CorrespondingSourceObject: {fileID: 0}
  m_PrefabInstance: {fileID: 0}
  m_PrefabAsset: {fileID: 0}
  m_GameObject: {fileID: 1529676699}
  m_LocalRotation: {x: 0.7071068, y: 0.7071068, z: 4.3297806e-17, w: 4.3297806e-17}
  m_LocalPosition: {x: -0.28237396, y: 0.10735437, z: -0.026413841}
  m_LocalScale: {x: 1, y: 1, z: 1}
  m_Children: []
  m_Father: {fileID: 1405380392}
  m_RootOrder: 0
  m_LocalEulerAnglesHint: {x: 0, y: 0, z: 0}
--- !u!1 &1622450942
GameObject:
  m_ObjectHideFlags: 0
  m_CorrespondingSourceObject: {fileID: 0}
  m_PrefabInstance: {fileID: 0}
  m_PrefabAsset: {fileID: 0}
  serializedVersion: 6
  m_Component:
  - component: {fileID: 1622450943}
  m_Layer: 10
  m_Name: end 5
  m_TagString: Untagged
  m_Icon: {fileID: 0}
  m_NavMeshLayer: 0
  m_StaticEditorFlags: 0
  m_IsActive: 1
--- !u!4 &1622450943
Transform:
  m_ObjectHideFlags: 0
  m_CorrespondingSourceObject: {fileID: 0}
  m_PrefabInstance: {fileID: 0}
  m_PrefabAsset: {fileID: 0}
  m_GameObject: {fileID: 1622450942}
  m_LocalRotation: {x: 0, y: -0, z: -0.5821238, w: 0.8131002}
  m_LocalPosition: {x: -0.25529093, y: 4.2632565e-17, z: 0}
  m_LocalScale: {x: 1, y: 1, z: 1}
  m_Children: []
  m_Father: {fileID: 1190797425}
  m_RootOrder: 0
  m_LocalEulerAnglesHint: {x: 0, y: 0, z: 0}
--- !u!1 &1629801750
GameObject:
  m_ObjectHideFlags: 0
  m_CorrespondingSourceObject: {fileID: 0}
  m_PrefabInstance: {fileID: 0}
  m_PrefabAsset: {fileID: 0}
  serializedVersion: 6
  m_Component:
  - component: {fileID: 1629801751}
  m_Layer: 10
  m_Name: wolf_01
  m_TagString: Untagged
  m_Icon: {fileID: 0}
  m_NavMeshLayer: 0
  m_StaticEditorFlags: 0
  m_IsActive: 1
--- !u!4 &1629801751
Transform:
  m_ObjectHideFlags: 0
  m_CorrespondingSourceObject: {fileID: 0}
  m_PrefabInstance: {fileID: 0}
  m_PrefabAsset: {fileID: 0}
  m_GameObject: {fileID: 1629801750}
  m_LocalRotation: {x: 0, y: -0, z: -0, w: 1}
  m_LocalPosition: {x: -0, y: 0, z: 0}
  m_LocalScale: {x: 1, y: 1, z: 1}
  m_Children:
  - {fileID: 297808820}
  - {fileID: 365964536}
  - {fileID: 1705388313}
  m_Father: {fileID: 41545723}
  m_RootOrder: 1
  m_LocalEulerAnglesHint: {x: 0, y: 0, z: 0}
--- !u!1 &1645955980
GameObject:
  m_ObjectHideFlags: 0
  m_CorrespondingSourceObject: {fileID: 0}
  m_PrefabInstance: {fileID: 0}
  m_PrefabAsset: {fileID: 0}
  serializedVersion: 6
  m_Component:
  - component: {fileID: 1645955981}
  m_Layer: 10
  m_Name: hip
  m_TagString: Untagged
  m_Icon: {fileID: 0}
  m_NavMeshLayer: 0
  m_StaticEditorFlags: 0
  m_IsActive: 1
--- !u!4 &1645955981
Transform:
  m_ObjectHideFlags: 0
  m_CorrespondingSourceObject: {fileID: 0}
  m_PrefabInstance: {fileID: 0}
  m_PrefabAsset: {fileID: 0}
  m_GameObject: {fileID: 1645955980}
  m_LocalRotation: {x: 0.1736482, y: 0.9848078, z: -4.96692e-17, w: -7.093497e-17}
  m_LocalPosition: {x: 0.21865332, y: -0.09664653, z: 1.1368684e-16}
  m_LocalScale: {x: 1, y: 1, z: 1}
  m_Children:
  - {fileID: 874466017}
  - {fileID: 88798487}
  - {fileID: 1403918159}
  m_Father: {fileID: 554544198}
  m_RootOrder: 1
  m_LocalEulerAnglesHint: {x: 3.2617617e-15, y: -180, z: 20}
--- !u!1 &1671805062
GameObject:
  m_ObjectHideFlags: 0
  m_CorrespondingSourceObject: {fileID: 0}
  m_PrefabInstance: {fileID: 0}
  m_PrefabAsset: {fileID: 0}
  serializedVersion: 6
  m_Component:
  - component: {fileID: 1671805063}
  m_Layer: 10
  m_Name: tail_end
  m_TagString: Untagged
  m_Icon: {fileID: 0}
  m_NavMeshLayer: 0
  m_StaticEditorFlags: 0
  m_IsActive: 1
--- !u!4 &1671805063
Transform:
  m_ObjectHideFlags: 0
  m_CorrespondingSourceObject: {fileID: 0}
  m_PrefabInstance: {fileID: 0}
  m_PrefabAsset: {fileID: 0}
  m_GameObject: {fileID: 1671805062}
  m_LocalRotation: {x: -0.020676387, y: 0.99978626, z: 6.1219253e-17, w: -1.2660635e-18}
  m_LocalPosition: {x: -0.24455883, y: -0.10103834, z: -3.0435786e-17}
  m_LocalScale: {x: 1, y: 1, z: 1}
  m_Children: []
  m_Father: {fileID: 2063883380}
  m_RootOrder: 0
  m_LocalEulerAnglesHint: {x: 0, y: 0, z: 0}
--- !u!1 &1678543745
GameObject:
  m_ObjectHideFlags: 0
  m_CorrespondingSourceObject: {fileID: 0}
  m_PrefabInstance: {fileID: 0}
  m_PrefabAsset: {fileID: 0}
  serializedVersion: 6
  m_Component:
  - component: {fileID: 1678543746}
  m_Layer: 10
  m_Name: end 1
  m_TagString: Untagged
  m_Icon: {fileID: 0}
  m_NavMeshLayer: 0
  m_StaticEditorFlags: 0
  m_IsActive: 1
--- !u!4 &1678543746
Transform:
  m_ObjectHideFlags: 0
  m_CorrespondingSourceObject: {fileID: 0}
  m_PrefabInstance: {fileID: 0}
  m_PrefabAsset: {fileID: 0}
  m_GameObject: {fileID: 1678543745}
  m_LocalRotation: {x: 0.7071068, y: 0.7071068, z: 0.000000015589174, w: 0.0000000052683564}
  m_LocalPosition: {x: 0.2823736, y: -0.10735478, z: 0.026414402}
  m_LocalScale: {x: 1, y: 1, z: 1}
  m_Children: []
  m_Father: {fileID: 460830910}
  m_RootOrder: 0
  m_LocalEulerAnglesHint: {x: 0, y: 0, z: 0}
--- !u!1 &1685479387
GameObject:
  m_ObjectHideFlags: 0
  m_CorrespondingSourceObject: {fileID: 0}
  m_PrefabInstance: {fileID: 0}
  m_PrefabAsset: {fileID: 0}
  serializedVersion: 6
  m_Component:
  - component: {fileID: 1685479388}
  m_Layer: 10
  m_Name: hip 1
  m_TagString: Untagged
  m_Icon: {fileID: 0}
  m_NavMeshLayer: 0
  m_StaticEditorFlags: 0
  m_IsActive: 1
--- !u!4 &1685479388
Transform:
  m_ObjectHideFlags: 0
  m_CorrespondingSourceObject: {fileID: 0}
  m_PrefabInstance: {fileID: 0}
  m_PrefabAsset: {fileID: 0}
  m_GameObject: {fileID: 1685479387}
  m_LocalRotation: {x: 6.123234e-17, y: 1, z: -6.123234e-17, w: -6.123234e-17}
  m_LocalPosition: {x: 0.2176754, y: 0.04627745, z: -2.1209146e-32}
  m_LocalScale: {x: 1, y: 1, z: 1}
  m_Children:
  - {fileID: 1724743920}
  - {fileID: 1323808885}
  - {fileID: 515145679}
  m_Father: {fileID: 2051144734}
  m_RootOrder: 1
  m_LocalEulerAnglesHint: {x: 5.45744e-15, y: -180, z: 5.45744e-15}
--- !u!1 &1697057828
GameObject:
  m_ObjectHideFlags: 0
  m_CorrespondingSourceObject: {fileID: 0}
  m_PrefabInstance: {fileID: 0}
  m_PrefabAsset: {fileID: 0}
  serializedVersion: 6
  m_Component:
  - component: {fileID: 1697057829}
  m_Layer: 10
  m_Name: shoulders
  m_TagString: Untagged
  m_Icon: {fileID: 0}
  m_NavMeshLayer: 0
  m_StaticEditorFlags: 0
  m_IsActive: 1
--- !u!4 &1697057829
Transform:
  m_ObjectHideFlags: 0
  m_CorrespondingSourceObject: {fileID: 0}
  m_PrefabInstance: {fileID: 0}
  m_PrefabAsset: {fileID: 0}
  m_GameObject: {fileID: 1697057828}
  m_LocalRotation: {x: 0, y: -0, z: -0.06473652, w: 0.9979024}
  m_LocalPosition: {x: -0.17343006, y: -0.02556785, z: -1.1368684e-16}
  m_LocalScale: {x: 1, y: 1, z: 1}
  m_Children:
  - {fileID: 2019686440}
  - {fileID: 689188736}
  - {fileID: 1394084997}
  m_Father: {fileID: 60828128}
  m_RootOrder: 0
  m_LocalEulerAnglesHint: {x: 0, y: 0, z: -7.423449}
--- !u!1 &1705388312
GameObject:
  m_ObjectHideFlags: 0
  m_CorrespondingSourceObject: {fileID: 0}
  m_PrefabInstance: {fileID: 0}
  m_PrefabAsset: {fileID: 0}
  serializedVersion: 6
  m_Component:
  - component: {fileID: 1705388313}
  m_Layer: 10
  m_Name: wolf_01_geo_grp
  m_TagString: Untagged
  m_Icon: {fileID: 0}
  m_NavMeshLayer: 0
  m_StaticEditorFlags: 0
  m_IsActive: 1
--- !u!4 &1705388313
Transform:
  m_ObjectHideFlags: 0
  m_CorrespondingSourceObject: {fileID: 0}
  m_PrefabInstance: {fileID: 0}
  m_PrefabAsset: {fileID: 0}
  m_GameObject: {fileID: 1705388312}
  m_LocalRotation: {x: 0, y: -0, z: -0, w: 1}
  m_LocalPosition: {x: -0, y: 0.0028577626, z: 0}
  m_LocalScale: {x: 1, y: 1, z: 1}
  m_Children:
  - {fileID: 711609340}
  m_Father: {fileID: 1629801751}
  m_RootOrder: 2
  m_LocalEulerAnglesHint: {x: 0, y: 0, z: 0}
--- !u!1 &1724743919
GameObject:
  m_ObjectHideFlags: 0
  m_CorrespondingSourceObject: {fileID: 0}
  m_PrefabInstance: {fileID: 0}
  m_PrefabAsset: {fileID: 0}
  serializedVersion: 6
  m_Component:
  - component: {fileID: 1724743920}
  m_Layer: 10
  m_Name: L_B_leg 1
  m_TagString: Untagged
  m_Icon: {fileID: 0}
  m_NavMeshLayer: 0
  m_StaticEditorFlags: 0
  m_IsActive: 1
--- !u!4 &1724743920
Transform:
  m_ObjectHideFlags: 0
  m_CorrespondingSourceObject: {fileID: 0}
  m_PrefabInstance: {fileID: 0}
  m_PrefabAsset: {fileID: 0}
  m_GameObject: {fileID: 1724743919}
  m_LocalRotation: {x: -7.662913e-17, y: 1.0796172e-17, z: 0.7338517, w: 0.6793097}
  m_LocalPosition: {x: -0.07884306, y: -0.08569898, z: -0.16268067}
  m_LocalScale: {x: 1, y: 1, z: 1}
  m_Children:
  - {fileID: 1405380392}
  m_Father: {fileID: 1685479388}
  m_RootOrder: 0
  m_LocalEulerAnglesHint: {x: -5.345616e-15, y: -4.3583394e-15, z: 114.630554}
--- !u!1 &1766619694
GameObject:
  m_ObjectHideFlags: 0
  m_CorrespondingSourceObject: {fileID: 0}
  m_PrefabInstance: {fileID: 0}
  m_PrefabAsset: {fileID: 0}
  serializedVersion: 6
  m_Component:
  - component: {fileID: 1766619695}
  - component: {fileID: 1766619696}
  m_Layer: 10
  m_Name: body
  m_TagString: Untagged
  m_Icon: {fileID: 0}
  m_NavMeshLayer: 0
  m_StaticEditorFlags: 0
  m_IsActive: 1
--- !u!4 &1766619695
Transform:
  m_ObjectHideFlags: 0
  m_CorrespondingSourceObject: {fileID: 0}
  m_PrefabInstance: {fileID: 0}
  m_PrefabAsset: {fileID: 0}
  m_GameObject: {fileID: 1766619694}
  m_LocalRotation: {x: 0, y: -0, z: -0, w: 1}
  m_LocalPosition: {x: -0, y: -0.0028577626, z: 0}
  m_LocalScale: {x: 1, y: 1, z: 1}
  m_Children: []
  m_Father: {fileID: 345062083}
  m_RootOrder: 0
  m_LocalEulerAnglesHint: {x: 0, y: 0, z: 0}
--- !u!137 &1766619696
SkinnedMeshRenderer:
  m_ObjectHideFlags: 0
  m_CorrespondingSourceObject: {fileID: 0}
  m_PrefabInstance: {fileID: 0}
  m_PrefabAsset: {fileID: 0}
  m_GameObject: {fileID: 1766619694}
  m_Enabled: 1
  m_CastShadows: 1
  m_ReceiveShadows: 1
  m_DynamicOccludee: 1
  m_MotionVectors: 1
  m_LightProbeUsage: 1
  m_ReflectionProbeUsage: 1
  m_RenderingLayerMask: 1
  m_RendererPriority: 0
  m_Materials:
  - {fileID: 2100000, guid: 3d2723c1c936b094e915367b2db79243, type: 2}
  - {fileID: 2100000, guid: a9a741ea1cc10494c8b6d9616633b195, type: 2}
  m_StaticBatchInfo:
    firstSubMesh: 0
    subMeshCount: 0
  m_StaticBatchRoot: {fileID: 0}
  m_ProbeAnchor: {fileID: 0}
  m_LightProbeVolumeOverride: {fileID: 0}
  m_ScaleInLightmap: 1
  m_PreserveUVs: 0
  m_IgnoreNormalsForChartDetection: 0
  m_ImportantGI: 0
  m_StitchLightmapSeams: 0
  m_SelectedEditorRenderState: 3
  m_MinimumChartSize: 4
  m_AutoUVMaxDistance: 0.5
  m_AutoUVMaxAngle: 89
  m_LightmapParameters: {fileID: 0}
  m_SortingLayerID: 0
  m_SortingLayer: 0
  m_SortingOrder: 0
  serializedVersion: 2
  m_Quality: 0
  m_UpdateWhenOffscreen: 0
  m_SkinnedMotionVectors: 1
  m_Mesh: {fileID: 4300002, guid: d643522822a214341b220136c495bacb, type: 3}
  m_Bones:
  - {fileID: 554544198}
  - {fileID: 60828128}
  - {fileID: 1697057829}
  - {fileID: 689188736}
  - {fileID: 1481311717}
  - {fileID: 2019686440}
  - {fileID: 1366060739}
  - {fileID: 271749617}
  - {fileID: 1394084997}
  - {fileID: 1262998837}
  - {fileID: 1243248918}
  - {fileID: 1645955981}
  - {fileID: 1403918159}
  - {fileID: 762765821}
  - {fileID: 2063883380}
  - {fileID: 874466017}
  - {fileID: 889721150}
  - {fileID: 868457801}
  - {fileID: 88798487}
  - {fileID: 460830910}
  - {fileID: 1678543746}
  m_BlendShapeWeights: []
  m_RootBone: {fileID: 554544198}
  m_AABB:
    m_Center: {x: -0.11588138, y: -0.06003031, z: 0}
    m_Extent: {x: 1.0523524, y: 0.6089673, z: 0.46918935}
  m_DirtyAABB: 0
--- !u!1 &1822833987
GameObject:
  m_ObjectHideFlags: 0
  m_CorrespondingSourceObject: {fileID: 0}
  m_PrefabInstance: {fileID: 0}
  m_PrefabAsset: {fileID: 0}
  serializedVersion: 6
  m_Component:
  - component: {fileID: 1822833988}
  m_Layer: 10
  m_Name: hip_ctrl_gpr
  m_TagString: Untagged
  m_Icon: {fileID: 0}
  m_NavMeshLayer: 0
  m_StaticEditorFlags: 0
  m_IsActive: 1
--- !u!4 &1822833988
Transform:
  m_ObjectHideFlags: 0
  m_CorrespondingSourceObject: {fileID: 0}
  m_PrefabInstance: {fileID: 0}
  m_PrefabAsset: {fileID: 0}
  m_GameObject: {fileID: 1822833987}
  m_LocalRotation: {x: 6.123234e-17, y: 1, z: -6.123234e-17, w: -6.123234e-17}
  m_LocalPosition: {x: 0.2176754, y: 0.04627745, z: 0}
  m_LocalScale: {x: 1, y: 1, z: 1}
  m_Children:
  - {fileID: 573688429}
  m_Father: {fileID: 216946383}
  m_RootOrder: 0
  m_LocalEulerAnglesHint: {x: 0, y: 0, z: 0}
--- !u!1 &1908508956
GameObject:
  m_ObjectHideFlags: 0
  m_CorrespondingSourceObject: {fileID: 0}
  m_PrefabInstance: {fileID: 0}
  m_PrefabAsset: {fileID: 0}
  serializedVersion: 6
  m_Component:
  - component: {fileID: 1908508957}
  m_Layer: 10
  m_Name: shoulder_grp
  m_TagString: Untagged
  m_Icon: {fileID: 0}
  m_NavMeshLayer: 0
  m_StaticEditorFlags: 0
  m_IsActive: 1
--- !u!4 &1908508957
Transform:
  m_ObjectHideFlags: 0
  m_CorrespondingSourceObject: {fileID: 0}
  m_PrefabInstance: {fileID: 0}
  m_PrefabAsset: {fileID: 0}
  m_GameObject: {fileID: 1908508956}
  m_LocalRotation: {x: 0, y: -0, z: -0, w: 1}
  m_LocalPosition: {x: -0.3547938, y: 0.005141939, z: 0}
  m_LocalScale: {x: 1, y: 1, z: 1}
  m_Children:
  - {fileID: 304095664}
  m_Father: {fileID: 216946383}
  m_RootOrder: 1
  m_LocalEulerAnglesHint: {x: 0, y: 0, z: 0}
--- !u!1 &1968341550
GameObject:
  m_ObjectHideFlags: 0
  m_CorrespondingSourceObject: {fileID: 0}
  m_PrefabInstance: {fileID: 0}
  m_PrefabAsset: {fileID: 0}
  serializedVersion: 6
  m_Component:
  - component: {fileID: 1968341551}
  m_Layer: 10
  m_Name: head 1
  m_TagString: Untagged
  m_Icon: {fileID: 0}
  m_NavMeshLayer: 0
  m_StaticEditorFlags: 0
  m_IsActive: 1
--- !u!4 &1968341551
Transform:
  m_ObjectHideFlags: 0
  m_CorrespondingSourceObject: {fileID: 0}
  m_PrefabInstance: {fileID: 0}
  m_PrefabAsset: {fileID: 0}
  m_GameObject: {fileID: 1968341550}
  m_LocalRotation: {x: 5.144751e-22, y: -4.1900636e-21, z: 0.12186934, w: 0.99254614}
  m_LocalPosition: {x: -0.15083021, y: 0.10455275, z: 0}
  m_LocalScale: {x: 1, y: 1, z: 1}
  m_Children:
  - {fileID: 119319293}
  - {fileID: 1676461985041194511}
  m_Father: {fileID: 277285157}
  m_RootOrder: 0
  m_LocalEulerAnglesHint: {x: 0, y: 0, z: -30}
--- !u!1 &2019686439
GameObject:
  m_ObjectHideFlags: 0
  m_CorrespondingSourceObject: {fileID: 0}
  m_PrefabInstance: {fileID: 0}
  m_PrefabAsset: {fileID: 0}
  serializedVersion: 6
  m_Component:
  - component: {fileID: 2019686440}
  m_Layer: 10
  m_Name: L_F_leg
  m_TagString: Untagged
  m_Icon: {fileID: 0}
  m_NavMeshLayer: 0
  m_StaticEditorFlags: 0
  m_IsActive: 1
--- !u!4 &2019686440
Transform:
  m_ObjectHideFlags: 0
  m_CorrespondingSourceObject: {fileID: 0}
  m_PrefabInstance: {fileID: 0}
  m_PrefabAsset: {fileID: 0}
  m_GameObject: {fileID: 2019686439}
  m_LocalRotation: {x: 0, y: 0, z: 0.8658604, w: 0.50028574}
  m_LocalPosition: {x: 0.030851632, y: -0.061703265, z: 0.19858329}
  m_LocalScale: {x: 1, y: 1, z: 1}
  m_Children:
  - {fileID: 1366060739}
  m_Father: {fileID: 1697057829}
  m_RootOrder: 0
  m_LocalEulerAnglesHint: {x: 0, y: 0, z: 0}
--- !u!1 &2051144733
GameObject:
  m_ObjectHideFlags: 0
  m_CorrespondingSourceObject: {fileID: 0}
  m_PrefabInstance: {fileID: 0}
  m_PrefabAsset: {fileID: 0}
  serializedVersion: 6
  m_Component:
  - component: {fileID: 2051144734}
  m_Layer: 10
  m_Name: root 1
  m_TagString: Untagged
  m_Icon: {fileID: 0}
  m_NavMeshLayer: 0
  m_StaticEditorFlags: 0
  m_IsActive: 1
--- !u!4 &2051144734
Transform:
  m_ObjectHideFlags: 0
  m_CorrespondingSourceObject: {fileID: 0}
  m_PrefabInstance: {fileID: 0}
  m_PrefabAsset: {fileID: 0}
  m_GameObject: {fileID: 2051144733}
  m_LocalRotation: {x: 0, y: -0, z: -0, w: 1}
  m_LocalPosition: {x: 0.011481474, y: 0.58151835, z: 0}
  m_LocalScale: {x: 1, y: 1, z: 1}
  m_Children:
  - {fileID: 240928317}
  - {fileID: 1685479388}
  m_Father: {fileID: 297808820}
  m_RootOrder: 0
  m_LocalEulerAnglesHint: {x: 0, y: 0, z: 0}
--- !u!1 &2063883379
GameObject:
  m_ObjectHideFlags: 0
  m_CorrespondingSourceObject: {fileID: 0}
  m_PrefabInstance: {fileID: 0}
  m_PrefabAsset: {fileID: 0}
  serializedVersion: 6
  m_Component:
  - component: {fileID: 2063883380}
  m_Layer: 10
  m_Name: tail_03
  m_TagString: Untagged
  m_Icon: {fileID: 0}
  m_NavMeshLayer: 0
  m_StaticEditorFlags: 0
  m_IsActive: 1
--- !u!4 &2063883380
Transform:
  m_ObjectHideFlags: 0
  m_CorrespondingSourceObject: {fileID: 0}
  m_PrefabInstance: {fileID: 0}
  m_PrefabAsset: {fileID: 0}
  m_GameObject: {fileID: 2063883379}
  m_LocalRotation: {x: -9.621393e-27, y: -6.1193075e-17, z: -0.020676387, w: 0.99978626}
  m_LocalPosition: {x: -0.23310122, y: -0.12340653, z: -2.8546668e-17}
  m_LocalScale: {x: 1, y: 1, z: 1}
  m_Children:
  - {fileID: 1671805063}
  m_Father: {fileID: 762765821}
  m_RootOrder: 0
  m_LocalEulerAnglesHint: {x: -1.449873e-16, y: -7.0107435e-15, z: -57.036644}
--- !u!1001 &8991462765262898895
PrefabInstance:
  m_ObjectHideFlags: 0
  serializedVersion: 2
  m_Modification:
    m_TransformParent: {fileID: 1968341551}
    m_Modifications:
    - target: {fileID: 4315761567560306457, guid: e13b29446d351d5469870b3bdb3630f6,
        type: 3}
      propertyPath: m_Name
      value: InteractableItemAudioSources
      objectReference: {fileID: 0}
    - target: {fileID: 3107211541141581916, guid: e13b29446d351d5469870b3bdb3630f6,
        type: 3}
      propertyPath: m_audioClip
      value: 
      objectReference: {fileID: 8300000, guid: 63f8b654107d0394d96f2fcfb5dc1c5f, type: 3}
    - target: {fileID: 7749545917773387968, guid: e13b29446d351d5469870b3bdb3630f6,
        type: 3}
      propertyPath: m_LocalPosition.x
      value: 0.65088063
      objectReference: {fileID: 0}
    - target: {fileID: 7749545917773387968, guid: e13b29446d351d5469870b3bdb3630f6,
        type: 3}
      propertyPath: m_LocalPosition.y
      value: -0.71614546
      objectReference: {fileID: 0}
    - target: {fileID: 7749545917773387968, guid: e13b29446d351d5469870b3bdb3630f6,
        type: 3}
      propertyPath: m_LocalPosition.z
      value: 0
      objectReference: {fileID: 0}
    - target: {fileID: 7749545917773387968, guid: e13b29446d351d5469870b3bdb3630f6,
        type: 3}
      propertyPath: m_LocalRotation.x
      value: 6.985763e-23
      objectReference: {fileID: 0}
    - target: {fileID: 7749545917773387968, guid: e13b29446d351d5469870b3bdb3630f6,
        type: 3}
      propertyPath: m_LocalRotation.y
      value: 4.2209524e-21
      objectReference: {fileID: 0}
    - target: {fileID: 7749545917773387968, guid: e13b29446d351d5469870b3bdb3630f6,
        type: 3}
      propertyPath: m_LocalRotation.z
      value: 0.016547939
      objectReference: {fileID: 0}
    - target: {fileID: 7749545917773387968, guid: e13b29446d351d5469870b3bdb3630f6,
        type: 3}
      propertyPath: m_LocalRotation.w
      value: 0.9998631
      objectReference: {fileID: 0}
    - target: {fileID: 7749545917773387968, guid: e13b29446d351d5469870b3bdb3630f6,
        type: 3}
      propertyPath: m_RootOrder
      value: 1
      objectReference: {fileID: 0}
    - target: {fileID: 7749545917773387968, guid: e13b29446d351d5469870b3bdb3630f6,
        type: 3}
      propertyPath: m_LocalEulerAnglesHint.x
      value: 0
      objectReference: {fileID: 0}
    - target: {fileID: 7749545917773387968, guid: e13b29446d351d5469870b3bdb3630f6,
        type: 3}
      propertyPath: m_LocalEulerAnglesHint.y
      value: 0
      objectReference: {fileID: 0}
    - target: {fileID: 7749545917773387968, guid: e13b29446d351d5469870b3bdb3630f6,
        type: 3}
      propertyPath: m_LocalEulerAnglesHint.z
      value: 0
      objectReference: {fileID: 0}
    m_RemovedComponents: []
  m_SourcePrefab: {fileID: 100100000, guid: e13b29446d351d5469870b3bdb3630f6, type: 3}
--- !u!4 &1676461985041194511 stripped
Transform:
  m_CorrespondingSourceObject: {fileID: 7749545917773387968, guid: e13b29446d351d5469870b3bdb3630f6,
    type: 3}
  m_PrefabInstance: {fileID: 8991462765262898895}
  m_PrefabAsset: {fileID: 0}
--- !u!82 &6329562779793061523 stripped
AudioSource:
  m_CorrespondingSourceObject: {fileID: 3107211541141581916, guid: e13b29446d351d5469870b3bdb3630f6,
    type: 3}
  m_PrefabInstance: {fileID: 8991462765262898895}
  m_PrefabAsset: {fileID: 0}
