%YAML 1.1
%TAG !u! tag:unity3d.com,2011:
--- !u!1 &1331151
GameObject:
  m_ObjectHideFlags: 0
  m_CorrespondingSourceObject: {fileID: 0}
  m_PrefabInstance: {fileID: 0}
  m_PrefabAsset: {fileID: 0}
  serializedVersion: 6
  m_Component:
  - component: {fileID: 1331152}
  - component: {fileID: 1331154}
  - component: {fileID: 1331153}
  m_Layer: 10
  m_Name: Part2
  m_TagString: Untagged
  m_Icon: {fileID: 0}
  m_NavMeshLayer: 0
  m_StaticEditorFlags: 0
  m_IsActive: 1
--- !u!4 &1331152
Transform:
  m_ObjectHideFlags: 0
  m_CorrespondingSourceObject: {fileID: 0}
  m_PrefabInstance: {fileID: 0}
  m_PrefabAsset: {fileID: 0}
  m_GameObject: {fileID: 1331151}
  m_LocalRotation: {x: 0, y: -0, z: -0, w: 1}
  m_LocalPosition: {x: -0.00022467975, y: 0.00002330615, z: 0.017946694}
  m_LocalScale: {x: 1, y: 1, z: 1}
  m_Children: []
  m_Father: {fileID: 1250096708}
  m_RootOrder: 1
  m_LocalEulerAnglesHint: {x: 0, y: 0, z: 0}
--- !u!33 &1331154
MeshFilter:
  m_ObjectHideFlags: 0
  m_CorrespondingSourceObject: {fileID: 0}
  m_PrefabInstance: {fileID: 0}
  m_PrefabAsset: {fileID: 0}
  m_GameObject: {fileID: 1331151}
  m_Mesh: {fileID: 4300014, guid: def2a2dab4911c94b8e937360e88d79c, type: 3}
--- !u!23 &1331153
MeshRenderer:
  m_ObjectHideFlags: 0
  m_CorrespondingSourceObject: {fileID: 0}
  m_PrefabInstance: {fileID: 0}
  m_PrefabAsset: {fileID: 0}
  m_GameObject: {fileID: 1331151}
  m_Enabled: 1
  m_CastShadows: 1
  m_ReceiveShadows: 1
  m_DynamicOccludee: 1
  m_MotionVectors: 1
  m_LightProbeUsage: 1
  m_ReflectionProbeUsage: 1
  m_RenderingLayerMask: 1
  m_RendererPriority: 0
  m_Materials:
  - {fileID: 2100000, guid: 3d2723c1c936b094e915367b2db79243, type: 2}
  m_StaticBatchInfo:
    firstSubMesh: 0
    subMeshCount: 0
  m_StaticBatchRoot: {fileID: 0}
  m_ProbeAnchor: {fileID: 0}
  m_LightProbeVolumeOverride: {fileID: 0}
  m_ScaleInLightmap: 1
  m_PreserveUVs: 0
  m_IgnoreNormalsForChartDetection: 0
  m_ImportantGI: 0
  m_StitchLightmapSeams: 0
  m_SelectedEditorRenderState: 3
  m_MinimumChartSize: 4
  m_AutoUVMaxDistance: 0.5
  m_AutoUVMaxAngle: 89
  m_LightmapParameters: {fileID: 0}
  m_SortingLayerID: 0
  m_SortingLayer: 0
  m_SortingOrder: 0
--- !u!1 &16134576
GameObject:
  m_ObjectHideFlags: 0
  m_CorrespondingSourceObject: {fileID: 0}
  m_PrefabInstance: {fileID: 0}
  m_PrefabAsset: {fileID: 0}
  serializedVersion: 6
  m_Component:
  - component: {fileID: 16134577}
  - component: {fileID: 16134579}
  - component: {fileID: 16134578}
  m_Layer: 10
  m_Name: shovel:shovel
  m_TagString: Untagged
  m_Icon: {fileID: 0}
  m_NavMeshLayer: 0
  m_StaticEditorFlags: 0
  m_IsActive: 1
--- !u!4 &16134577
Transform:
  m_ObjectHideFlags: 0
  m_CorrespondingSourceObject: {fileID: 0}
  m_PrefabInstance: {fileID: 0}
  m_PrefabAsset: {fileID: 0}
  m_GameObject: {fileID: 16134576}
  m_LocalRotation: {x: -0.010366492, y: 0.95459783, z: 0.0876805, w: -0.284513}
  m_LocalPosition: {x: -0.004588157, y: -0.37416777, z: 0.31782788}
  m_LocalScale: {x: 1, y: 1, z: 1}
  m_Children:
  - {fileID: 1514293184}
  - {fileID: 1476233248}
  m_Father: {fileID: 1872779561}
  m_RootOrder: 0
  m_LocalEulerAnglesHint: {x: -8.43313, y: -146.53949, z: -4.039593}
--- !u!33 &16134579
MeshFilter:
  m_ObjectHideFlags: 0
  m_CorrespondingSourceObject: {fileID: 0}
  m_PrefabInstance: {fileID: 0}
  m_PrefabAsset: {fileID: 0}
  m_GameObject: {fileID: 16134576}
  m_Mesh: {fileID: 4300000, guid: def2a2dab4911c94b8e937360e88d79c, type: 3}
--- !u!23 &16134578
MeshRenderer:
  m_ObjectHideFlags: 0
  m_CorrespondingSourceObject: {fileID: 0}
  m_PrefabInstance: {fileID: 0}
  m_PrefabAsset: {fileID: 0}
  m_GameObject: {fileID: 16134576}
  m_Enabled: 1
  m_CastShadows: 1
  m_ReceiveShadows: 1
  m_DynamicOccludee: 1
  m_MotionVectors: 1
  m_LightProbeUsage: 1
  m_ReflectionProbeUsage: 1
  m_RenderingLayerMask: 1
  m_RendererPriority: 0
  m_Materials:
  - {fileID: 2100000, guid: 3d2723c1c936b094e915367b2db79243, type: 2}
  m_StaticBatchInfo:
    firstSubMesh: 0
    subMeshCount: 0
  m_StaticBatchRoot: {fileID: 0}
  m_ProbeAnchor: {fileID: 0}
  m_LightProbeVolumeOverride: {fileID: 0}
  m_ScaleInLightmap: 1
  m_PreserveUVs: 0
  m_IgnoreNormalsForChartDetection: 0
  m_ImportantGI: 0
  m_StitchLightmapSeams: 0
  m_SelectedEditorRenderState: 3
  m_MinimumChartSize: 4
  m_AutoUVMaxDistance: 0.5
  m_AutoUVMaxAngle: 89
  m_LightmapParameters: {fileID: 0}
  m_SortingLayerID: 0
  m_SortingLayer: 0
  m_SortingOrder: 0
--- !u!1 &345836851
GameObject:
  m_ObjectHideFlags: 0
  m_CorrespondingSourceObject: {fileID: 0}
  m_PrefabInstance: {fileID: 0}
  m_PrefabAsset: {fileID: 0}
  serializedVersion: 6
  m_Component:
  - component: {fileID: 345836852}
  - component: {fileID: 345836854}
  - component: {fileID: 345836853}
  m_Layer: 10
  m_Name: key
  m_TagString: Untagged
  m_Icon: {fileID: 0}
  m_NavMeshLayer: 0
  m_StaticEditorFlags: 0
  m_IsActive: 1
--- !u!4 &345836852
Transform:
  m_ObjectHideFlags: 0
  m_CorrespondingSourceObject: {fileID: 0}
  m_PrefabInstance: {fileID: 0}
  m_PrefabAsset: {fileID: 0}
  m_GameObject: {fileID: 345836851}
  m_LocalRotation: {x: 0, y: -0, z: -0, w: 1}
  m_LocalPosition: {x: 0.00005973907, y: 0.037179638, z: -0.002081723}
  m_LocalScale: {x: 1, y: 1, z: 1}
  m_Children: []
  m_Father: {fileID: 1562234195}
  m_RootOrder: 1
  m_LocalEulerAnglesHint: {x: 0, y: 0, z: 90}
--- !u!33 &345836854
MeshFilter:
  m_ObjectHideFlags: 0
  m_CorrespondingSourceObject: {fileID: 0}
  m_PrefabInstance: {fileID: 0}
  m_PrefabAsset: {fileID: 0}
  m_GameObject: {fileID: 345836851}
  m_Mesh: {fileID: 4300020, guid: def2a2dab4911c94b8e937360e88d79c, type: 3}
--- !u!23 &345836853
MeshRenderer:
  m_ObjectHideFlags: 0
  m_CorrespondingSourceObject: {fileID: 0}
  m_PrefabInstance: {fileID: 0}
  m_PrefabAsset: {fileID: 0}
  m_GameObject: {fileID: 345836851}
  m_Enabled: 1
  m_CastShadows: 1
  m_ReceiveShadows: 1
  m_DynamicOccludee: 1
  m_MotionVectors: 1
  m_LightProbeUsage: 1
  m_ReflectionProbeUsage: 1
  m_RenderingLayerMask: 1
  m_RendererPriority: 0
  m_Materials:
  - {fileID: 2100000, guid: 3d2723c1c936b094e915367b2db79243, type: 2}
  m_StaticBatchInfo:
    firstSubMesh: 0
    subMeshCount: 0
  m_StaticBatchRoot: {fileID: 0}
  m_ProbeAnchor: {fileID: 0}
  m_LightProbeVolumeOverride: {fileID: 0}
  m_ScaleInLightmap: 1
  m_PreserveUVs: 0
  m_IgnoreNormalsForChartDetection: 0
  m_ImportantGI: 0
  m_StitchLightmapSeams: 0
  m_SelectedEditorRenderState: 3
  m_MinimumChartSize: 4
  m_AutoUVMaxDistance: 0.5
  m_AutoUVMaxAngle: 89
  m_LightmapParameters: {fileID: 0}
  m_SortingLayerID: 0
  m_SortingLayer: 0
  m_SortingOrder: 0
--- !u!1 &644710037
GameObject:
  m_ObjectHideFlags: 0
  m_CorrespondingSourceObject: {fileID: 0}
  m_PrefabInstance: {fileID: 0}
  m_PrefabAsset: {fileID: 0}
  serializedVersion: 6
  m_Component:
  - component: {fileID: 644710038}
  m_Layer: 10
  m_Name: shovel_ctrl_grp
  m_TagString: Untagged
  m_Icon: {fileID: 0}
  m_NavMeshLayer: 0
  m_StaticEditorFlags: 0
  m_IsActive: 1
--- !u!4 &644710038
Transform:
  m_ObjectHideFlags: 0
  m_CorrespondingSourceObject: {fileID: 0}
  m_PrefabInstance: {fileID: 0}
  m_PrefabAsset: {fileID: 0}
  m_GameObject: {fileID: 644710037}
  m_LocalRotation: {x: 0, y: -0, z: -0, w: 1}
  m_LocalPosition: {x: -0.0053154803, y: -0.008255288, z: 0}
  m_LocalScale: {x: 1, y: 1, z: 1}
  m_Children:
  - {fileID: 1898845344}
  m_Father: {fileID: 1872779561}
  m_RootOrder: 1
  m_LocalEulerAnglesHint: {x: 0, y: 0, z: 0}
--- !u!1 &1031873121
GameObject:
  m_ObjectHideFlags: 0
  m_CorrespondingSourceObject: {fileID: 0}
  m_PrefabInstance: {fileID: 0}
  m_PrefabAsset: {fileID: 0}
  serializedVersion: 6
  m_Component:
  - component: {fileID: 1031873122}
  - component: {fileID: 1031873124}
  - component: {fileID: 1031873123}
  m_Layer: 10
  m_Name: Handles
  m_TagString: Untagged
  m_Icon: {fileID: 0}
  m_NavMeshLayer: 0
  m_StaticEditorFlags: 0
  m_IsActive: 1
--- !u!4 &1031873122
Transform:
  m_ObjectHideFlags: 0
  m_CorrespondingSourceObject: {fileID: 0}
  m_PrefabInstance: {fileID: 0}
  m_PrefabAsset: {fileID: 0}
  m_GameObject: {fileID: 1031873121}
  m_LocalRotation: {x: 0, y: -0, z: -0, w: 1}
  m_LocalPosition: {x: -0.011308898, y: 0.05379504, z: -0.24591695}
  m_LocalScale: {x: 1, y: 1, z: 1}
  m_Children: []
  m_Father: {fileID: 1273804876}
  m_RootOrder: 3
  m_LocalEulerAnglesHint: {x: 0, y: 0, z: 0}
--- !u!33 &1031873124
MeshFilter:
  m_ObjectHideFlags: 0
  m_CorrespondingSourceObject: {fileID: 0}
  m_PrefabInstance: {fileID: 0}
  m_PrefabAsset: {fileID: 0}
  m_GameObject: {fileID: 1031873121}
  m_Mesh: {fileID: 4300018, guid: def2a2dab4911c94b8e937360e88d79c, type: 3}
--- !u!23 &1031873123
MeshRenderer:
  m_ObjectHideFlags: 0
  m_CorrespondingSourceObject: {fileID: 0}
  m_PrefabInstance: {fileID: 0}
  m_PrefabAsset: {fileID: 0}
  m_GameObject: {fileID: 1031873121}
  m_Enabled: 1
  m_CastShadows: 1
  m_ReceiveShadows: 1
  m_DynamicOccludee: 1
  m_MotionVectors: 1
  m_LightProbeUsage: 1
  m_ReflectionProbeUsage: 1
  m_RenderingLayerMask: 1
  m_RendererPriority: 0
  m_Materials:
  - {fileID: 2100000, guid: 3d2723c1c936b094e915367b2db79243, type: 2}
  m_StaticBatchInfo:
    firstSubMesh: 0
    subMeshCount: 0
  m_StaticBatchRoot: {fileID: 0}
  m_ProbeAnchor: {fileID: 0}
  m_LightProbeVolumeOverride: {fileID: 0}
  m_ScaleInLightmap: 1
  m_PreserveUVs: 0
  m_IgnoreNormalsForChartDetection: 0
  m_ImportantGI: 0
  m_StitchLightmapSeams: 0
  m_SelectedEditorRenderState: 3
  m_MinimumChartSize: 4
  m_AutoUVMaxDistance: 0.5
  m_AutoUVMaxAngle: 89
  m_LightmapParameters: {fileID: 0}
  m_SortingLayerID: 0
  m_SortingLayer: 0
  m_SortingOrder: 0
--- !u!1 &1064262498
GameObject:
  m_ObjectHideFlags: 0
  m_CorrespondingSourceObject: {fileID: 0}
  m_PrefabInstance: {fileID: 0}
  m_PrefabAsset: {fileID: 0}
  serializedVersion: 6
  m_Component:
  - component: {fileID: 1064262499}
  - component: {fileID: 1064262501}
  - component: {fileID: 1064262500}
  m_Layer: 10
  m_Name: Part1
  m_TagString: Untagged
  m_Icon: {fileID: 0}
  m_NavMeshLayer: 0
  m_StaticEditorFlags: 0
  m_IsActive: 1
--- !u!4 &1064262499
Transform:
  m_ObjectHideFlags: 0
  m_CorrespondingSourceObject: {fileID: 0}
  m_PrefabInstance: {fileID: 0}
  m_PrefabAsset: {fileID: 0}
  m_GameObject: {fileID: 1064262498}
  m_LocalRotation: {x: 0, y: -0, z: -0, w: 1}
  m_LocalPosition: {x: 0.2969625, y: 0.012974567, z: -0.12294065}
  m_LocalScale: {x: 1, y: 1, z: 1}
  m_Children: []
  m_Father: {fileID: 1250096708}
  m_RootOrder: 0
  m_LocalEulerAnglesHint: {x: -0.26559585, y: 0.045948725, z: -169.34811}
--- !u!33 &1064262501
MeshFilter:
  m_ObjectHideFlags: 0
  m_CorrespondingSourceObject: {fileID: 0}
  m_PrefabInstance: {fileID: 0}
  m_PrefabAsset: {fileID: 0}
  m_GameObject: {fileID: 1064262498}
  m_Mesh: {fileID: 4300012, guid: def2a2dab4911c94b8e937360e88d79c, type: 3}
--- !u!23 &1064262500
MeshRenderer:
  m_ObjectHideFlags: 0
  m_CorrespondingSourceObject: {fileID: 0}
  m_PrefabInstance: {fileID: 0}
  m_PrefabAsset: {fileID: 0}
  m_GameObject: {fileID: 1064262498}
  m_Enabled: 1
  m_CastShadows: 1
  m_ReceiveShadows: 1
  m_DynamicOccludee: 1
  m_MotionVectors: 1
  m_LightProbeUsage: 1
  m_ReflectionProbeUsage: 1
  m_RenderingLayerMask: 1
  m_RendererPriority: 0
  m_Materials:
  - {fileID: 2100000, guid: 3d2723c1c936b094e915367b2db79243, type: 2}
  m_StaticBatchInfo:
    firstSubMesh: 0
    subMeshCount: 0
  m_StaticBatchRoot: {fileID: 0}
  m_ProbeAnchor: {fileID: 0}
  m_LightProbeVolumeOverride: {fileID: 0}
  m_ScaleInLightmap: 1
  m_PreserveUVs: 0
  m_IgnoreNormalsForChartDetection: 0
  m_ImportantGI: 0
  m_StitchLightmapSeams: 0
  m_SelectedEditorRenderState: 3
  m_MinimumChartSize: 4
  m_AutoUVMaxDistance: 0.5
  m_AutoUVMaxAngle: 89
  m_LightmapParameters: {fileID: 0}
  m_SortingLayerID: 0
  m_SortingLayer: 0
  m_SortingOrder: 0
--- !u!1 &1250096707
GameObject:
  m_ObjectHideFlags: 0
  m_CorrespondingSourceObject: {fileID: 0}
  m_PrefabInstance: {fileID: 0}
  m_PrefabAsset: {fileID: 0}
  serializedVersion: 6
  m_Component:
  - component: {fileID: 1250096708}
  - component: {fileID: 1250096710}
  - component: {fileID: 1250096709}
  m_Layer: 10
  m_Name: ChestTop
  m_TagString: Untagged
  m_Icon: {fileID: 0}
  m_NavMeshLayer: 0
  m_StaticEditorFlags: 0
  m_IsActive: 1
--- !u!4 &1250096708
Transform:
  m_ObjectHideFlags: 0
  m_CorrespondingSourceObject: {fileID: 0}
  m_PrefabInstance: {fileID: 0}
  m_PrefabAsset: {fileID: 0}
  m_GameObject: {fileID: 1250096707}
  m_LocalRotation: {x: 0, y: -0, z: -0, w: 1}
  m_LocalPosition: {x: -0.1578908, y: 0.08666176, z: 0.12294065}
  m_LocalScale: {x: 1, y: 1, z: 1}
  m_Children:
  - {fileID: 1064262499}
  - {fileID: 1331152}
  m_Father: {fileID: 1273804876}
  m_RootOrder: 2
  m_LocalEulerAnglesHint: {x: 0, y: 0, z: 102.831406}
--- !u!33 &1250096710
MeshFilter:
  m_ObjectHideFlags: 0
  m_CorrespondingSourceObject: {fileID: 0}
  m_PrefabInstance: {fileID: 0}
  m_PrefabAsset: {fileID: 0}
  m_GameObject: {fileID: 1250096707}
  m_Mesh: {fileID: 4300010, guid: def2a2dab4911c94b8e937360e88d79c, type: 3}
--- !u!23 &1250096709
MeshRenderer:
  m_ObjectHideFlags: 0
  m_CorrespondingSourceObject: {fileID: 0}
  m_PrefabInstance: {fileID: 0}
  m_PrefabAsset: {fileID: 0}
  m_GameObject: {fileID: 1250096707}
  m_Enabled: 1
  m_CastShadows: 1
  m_ReceiveShadows: 1
  m_DynamicOccludee: 1
  m_MotionVectors: 1
  m_LightProbeUsage: 1
  m_ReflectionProbeUsage: 1
  m_RenderingLayerMask: 1
  m_RendererPriority: 0
  m_Materials:
  - {fileID: 2100000, guid: 3d2723c1c936b094e915367b2db79243, type: 2}
  m_StaticBatchInfo:
    firstSubMesh: 0
    subMeshCount: 0
  m_StaticBatchRoot: {fileID: 0}
  m_ProbeAnchor: {fileID: 0}
  m_LightProbeVolumeOverride: {fileID: 0}
  m_ScaleInLightmap: 1
  m_PreserveUVs: 0
  m_IgnoreNormalsForChartDetection: 0
  m_ImportantGI: 0
  m_StitchLightmapSeams: 0
  m_SelectedEditorRenderState: 3
  m_MinimumChartSize: 4
  m_AutoUVMaxDistance: 0.5
  m_AutoUVMaxAngle: 89
  m_LightmapParameters: {fileID: 0}
  m_SortingLayerID: 0
  m_SortingLayer: 0
  m_SortingOrder: 0
--- !u!1 &1273804875
GameObject:
  m_ObjectHideFlags: 0
  m_CorrespondingSourceObject: {fileID: 0}
  m_PrefabInstance: {fileID: 0}
  m_PrefabAsset: {fileID: 0}
  serializedVersion: 6
  m_Component:
  - component: {fileID: 1273804876}
  - component: {fileID: 1273804878}
  - component: {fileID: 1273804877}
  m_Layer: 10
  m_Name: Chest
  m_TagString: Untagged
  m_Icon: {fileID: 0}
  m_NavMeshLayer: 0
  m_StaticEditorFlags: 0
  m_IsActive: 1
--- !u!4 &1273804876
Transform:
  m_ObjectHideFlags: 0
  m_CorrespondingSourceObject: {fileID: 0}
  m_PrefabInstance: {fileID: 0}
  m_PrefabAsset: {fileID: 0}
  m_GameObject: {fileID: 1273804875}
  m_LocalRotation: {x: 0, y: -0, z: -0, w: 1}
  m_LocalPosition: {x: -0.13102002, y: 0.07766143, z: 0}
  m_LocalScale: {x: 1, y: 1, z: 1}
  m_Children:
  - {fileID: 6999072058042866744}
  - {fileID: 2670644944805812344}
  - {fileID: 1250096708}
  - {fileID: 1031873122}
  - {fileID: 1932765148}
  m_Father: {fileID: 1562234195}
  m_RootOrder: 0
  m_LocalEulerAnglesHint: {x: -15.849556, y: 0, z: 0}
--- !u!33 &1273804878
MeshFilter:
  m_ObjectHideFlags: 0
  m_CorrespondingSourceObject: {fileID: 0}
  m_PrefabInstance: {fileID: 0}
  m_PrefabAsset: {fileID: 0}
  m_GameObject: {fileID: 1273804875}
  m_Mesh: {fileID: 4300008, guid: def2a2dab4911c94b8e937360e88d79c, type: 3}
--- !u!23 &1273804877
MeshRenderer:
  m_ObjectHideFlags: 0
  m_CorrespondingSourceObject: {fileID: 0}
  m_PrefabInstance: {fileID: 0}
  m_PrefabAsset: {fileID: 0}
  m_GameObject: {fileID: 1273804875}
  m_Enabled: 1
  m_CastShadows: 1
  m_ReceiveShadows: 1
  m_DynamicOccludee: 1
  m_MotionVectors: 1
  m_LightProbeUsage: 1
  m_ReflectionProbeUsage: 1
  m_RenderingLayerMask: 1
  m_RendererPriority: 0
  m_Materials:
  - {fileID: 2100000, guid: 3d2723c1c936b094e915367b2db79243, type: 2}
  m_StaticBatchInfo:
    firstSubMesh: 0
    subMeshCount: 0
  m_StaticBatchRoot: {fileID: 0}
  m_ProbeAnchor: {fileID: 0}
  m_LightProbeVolumeOverride: {fileID: 0}
  m_ScaleInLightmap: 1
  m_PreserveUVs: 0
  m_IgnoreNormalsForChartDetection: 0
  m_ImportantGI: 0
  m_StitchLightmapSeams: 0
  m_SelectedEditorRenderState: 3
  m_MinimumChartSize: 4
  m_AutoUVMaxDistance: 0.5
  m_AutoUVMaxAngle: 89
  m_LightmapParameters: {fileID: 0}
  m_SortingLayerID: 0
  m_SortingLayer: 0
  m_SortingOrder: 0
--- !u!1 &1476233247
GameObject:
  m_ObjectHideFlags: 0
  m_CorrespondingSourceObject: {fileID: 0}
  m_PrefabInstance: {fileID: 0}
  m_PrefabAsset: {fileID: 0}
  serializedVersion: 6
  m_Component:
  - component: {fileID: 1476233248}
  - component: {fileID: 1476233250}
  - component: {fileID: 1476233249}
  m_Layer: 10
  m_Name: shovel:pole
  m_TagString: Untagged
  m_Icon: {fileID: 0}
  m_NavMeshLayer: 0
  m_StaticEditorFlags: 0
  m_IsActive: 1
--- !u!4 &1476233248
Transform:
  m_ObjectHideFlags: 0
  m_CorrespondingSourceObject: {fileID: 0}
  m_PrefabInstance: {fileID: 0}
  m_PrefabAsset: {fileID: 0}
  m_GameObject: {fileID: 1476233247}
  m_LocalRotation: {x: 0, y: -0, z: -0, w: 1}
  m_LocalPosition: {x: 0.000911366, y: 0.5151904, z: -0.010018687}
  m_LocalScale: {x: 1, y: 1, z: 1}
  m_Children: []
  m_Father: {fileID: 16134577}
  m_RootOrder: 1
  m_LocalEulerAnglesHint: {x: 0, y: 0, z: 0}
--- !u!33 &1476233250
MeshFilter:
  m_ObjectHideFlags: 0
  m_CorrespondingSourceObject: {fileID: 0}
  m_PrefabInstance: {fileID: 0}
  m_PrefabAsset: {fileID: 0}
  m_GameObject: {fileID: 1476233247}
  m_Mesh: {fileID: 4300004, guid: def2a2dab4911c94b8e937360e88d79c, type: 3}
--- !u!23 &1476233249
MeshRenderer:
  m_ObjectHideFlags: 0
  m_CorrespondingSourceObject: {fileID: 0}
  m_PrefabInstance: {fileID: 0}
  m_PrefabAsset: {fileID: 0}
  m_GameObject: {fileID: 1476233247}
  m_Enabled: 1
  m_CastShadows: 1
  m_ReceiveShadows: 1
  m_DynamicOccludee: 1
  m_MotionVectors: 1
  m_LightProbeUsage: 1
  m_ReflectionProbeUsage: 1
  m_RenderingLayerMask: 1
  m_RendererPriority: 0
  m_Materials:
  - {fileID: 2100000, guid: 3d2723c1c936b094e915367b2db79243, type: 2}
  m_StaticBatchInfo:
    firstSubMesh: 0
    subMeshCount: 0
  m_StaticBatchRoot: {fileID: 0}
  m_ProbeAnchor: {fileID: 0}
  m_LightProbeVolumeOverride: {fileID: 0}
  m_ScaleInLightmap: 1
  m_PreserveUVs: 0
  m_IgnoreNormalsForChartDetection: 0
  m_ImportantGI: 0
  m_StitchLightmapSeams: 0
  m_SelectedEditorRenderState: 3
  m_MinimumChartSize: 4
  m_AutoUVMaxDistance: 0.5
  m_AutoUVMaxAngle: 89
  m_LightmapParameters: {fileID: 0}
  m_SortingLayerID: 0
  m_SortingLayer: 0
  m_SortingOrder: 0
--- !u!1 &1505110094
GameObject:
  m_ObjectHideFlags: 0
  m_CorrespondingSourceObject: {fileID: 0}
  m_PrefabInstance: {fileID: 0}
  m_PrefabAsset: {fileID: 0}
  serializedVersion: 6
  m_Component:
  - component: {fileID: 1505110095}
  m_Layer: 10
  m_Name: shovel_ctrl
  m_TagString: Untagged
  m_Icon: {fileID: 0}
  m_NavMeshLayer: 0
  m_StaticEditorFlags: 0
  m_IsActive: 1
--- !u!4 &1505110095
Transform:
  m_ObjectHideFlags: 0
  m_CorrespondingSourceObject: {fileID: 0}
  m_PrefabInstance: {fileID: 0}
  m_PrefabAsset: {fileID: 0}
  m_GameObject: {fileID: 1505110094}
  m_LocalRotation: {x: 0, y: -0, z: -0, w: 1}
  m_LocalPosition: {x: -0, y: 0.5528672, z: 0}
  m_LocalScale: {x: 1, y: 1, z: 1}
  m_Children: []
  m_Father: {fileID: 1898845344}
  m_RootOrder: 0
  m_LocalEulerAnglesHint: {x: 0, y: 0, z: 0.017355263}
--- !u!1 &1514293183
GameObject:
  m_ObjectHideFlags: 0
  m_CorrespondingSourceObject: {fileID: 0}
  m_PrefabInstance: {fileID: 0}
  m_PrefabAsset: {fileID: 0}
  serializedVersion: 6
  m_Component:
  - component: {fileID: 1514293184}
  - component: {fileID: 1514293186}
  - component: {fileID: 1514293185}
  m_Layer: 10
  m_Name: shovel:handle
  m_TagString: Untagged
  m_Icon: {fileID: 0}
  m_NavMeshLayer: 0
  m_StaticEditorFlags: 0
  m_IsActive: 1
--- !u!4 &1514293184
Transform:
  m_ObjectHideFlags: 0
  m_CorrespondingSourceObject: {fileID: 0}
  m_PrefabInstance: {fileID: 0}
  m_PrefabAsset: {fileID: 0}
  m_GameObject: {fileID: 1514293183}
  m_LocalRotation: {x: 0, y: -0, z: -0, w: 1}
  m_LocalPosition: {x: 0.0015633863, y: 0.9140972, z: -0.009917965}
  m_LocalScale: {x: 1, y: 1, z: 1}
  m_Children: []
  m_Father: {fileID: 16134577}
  m_RootOrder: 0
  m_LocalEulerAnglesHint: {x: 0, y: 0, z: 0}
--- !u!33 &1514293186
MeshFilter:
  m_ObjectHideFlags: 0
  m_CorrespondingSourceObject: {fileID: 0}
  m_PrefabInstance: {fileID: 0}
  m_PrefabAsset: {fileID: 0}
  m_GameObject: {fileID: 1514293183}
  m_Mesh: {fileID: 4300002, guid: def2a2dab4911c94b8e937360e88d79c, type: 3}
--- !u!23 &1514293185
MeshRenderer:
  m_ObjectHideFlags: 0
  m_CorrespondingSourceObject: {fileID: 0}
  m_PrefabInstance: {fileID: 0}
  m_PrefabAsset: {fileID: 0}
  m_GameObject: {fileID: 1514293183}
  m_Enabled: 1
  m_CastShadows: 1
  m_ReceiveShadows: 1
  m_DynamicOccludee: 1
  m_MotionVectors: 1
  m_LightProbeUsage: 1
  m_ReflectionProbeUsage: 1
  m_RenderingLayerMask: 1
  m_RendererPriority: 0
  m_Materials:
  - {fileID: 2100000, guid: 3d2723c1c936b094e915367b2db79243, type: 2}
  m_StaticBatchInfo:
    firstSubMesh: 0
    subMeshCount: 0
  m_StaticBatchRoot: {fileID: 0}
  m_ProbeAnchor: {fileID: 0}
  m_LightProbeVolumeOverride: {fileID: 0}
  m_ScaleInLightmap: 1
  m_PreserveUVs: 0
  m_IgnoreNormalsForChartDetection: 0
  m_ImportantGI: 0
  m_StitchLightmapSeams: 0
  m_SelectedEditorRenderState: 3
  m_MinimumChartSize: 4
  m_AutoUVMaxDistance: 0.5
  m_AutoUVMaxAngle: 89
  m_LightmapParameters: {fileID: 0}
  m_SortingLayerID: 0
  m_SortingLayer: 0
  m_SortingOrder: 0
--- !u!1 &1562234190
GameObject:
  m_ObjectHideFlags: 0
  m_CorrespondingSourceObject: {fileID: 0}
  m_PrefabInstance: {fileID: 0}
  m_PrefabAsset: {fileID: 0}
  serializedVersion: 6
  m_Component:
  - component: {fileID: 1562234195}
  - component: {fileID: 1562234191}
  - component: {fileID: 1562234192}
  - component: {fileID: 1562234193}
  - component: {fileID: 1562234194}
  m_Layer: 10
  m_Name: chest_animation
  m_TagString: Untagged
  m_Icon: {fileID: 0}
  m_NavMeshLayer: 0
  m_StaticEditorFlags: 0
  m_IsActive: 1
--- !u!4 &1562234195
Transform:
  m_ObjectHideFlags: 0
  m_CorrespondingSourceObject: {fileID: 0}
  m_PrefabInstance: {fileID: 0}
  m_PrefabAsset: {fileID: 0}
  m_GameObject: {fileID: 1562234190}
  m_LocalRotation: {x: 0, y: 0, z: 0, w: 1}
  m_LocalPosition: {x: 0, y: 0, z: 0}
  m_LocalScale: {x: 1, y: 1, z: 1}
  m_Children:
  - {fileID: 1273804876}
  - {fileID: 345836852}
  - {fileID: 1660672762}
  - {fileID: 1872779561}
  m_Father: {fileID: 0}
  m_RootOrder: 0
  m_LocalEulerAnglesHint: {x: 0, y: 0, z: 0}
--- !u!95 &1562234191
Animator:
  serializedVersion: 3
  m_ObjectHideFlags: 0
  m_CorrespondingSourceObject: {fileID: 0}
  m_PrefabInstance: {fileID: 0}
  m_PrefabAsset: {fileID: 0}
  m_GameObject: {fileID: 1562234190}
  m_Enabled: 1
  m_Avatar: {fileID: 9000000, guid: def2a2dab4911c94b8e937360e88d79c, type: 3}
  m_Controller: {fileID: 9100000, guid: f234b53ae87eadd4fbdf3f0c935cc6d6, type: 2}
  m_CullingMode: 0
  m_UpdateMode: 0
  m_ApplyRootMotion: 0
  m_LinearVelocityBlending: 0
  m_WarningMessage: 
  m_HasTransformHierarchy: 1
  m_AllowConstantClipSamplingOptimization: 1
  m_KeepAnimatorControllerStateOnDisable: 0
--- !u!114 &1562234192
MonoBehaviour:
  m_ObjectHideFlags: 0
  m_CorrespondingSourceObject: {fileID: 0}
  m_PrefabInstance: {fileID: 0}
  m_PrefabAsset: {fileID: 0}
  m_GameObject: {fileID: 1562234190}
  m_Enabled: 1
  m_EditorHideFlags: 0
  m_Script: {fileID: 11500000, guid: b62dc8bac0690a44eaf69c645d0f81b7, type: 3}
  m_Name: 
  m_EditorClassIdentifier: 
  sticker: {fileID: 11400000, guid: 220a343fd376f7940b0bd47e6ecdf306, type: 2}
  stickerSpawnTransform: {fileID: 1660672762}
  customTriggerTime: 1
--- !u!114 &1562234193
MonoBehaviour:
  m_ObjectHideFlags: 0
  m_CorrespondingSourceObject: {fileID: 0}
  m_PrefabInstance: {fileID: 0}
  m_PrefabAsset: {fileID: 0}
  m_GameObject: {fileID: 1562234190}
  m_Enabled: 1
  m_EditorHideFlags: 0
  m_Script: {fileID: 11500000, guid: 52043a1396b09ca40b07d3a476b1a749, type: 3}
  m_Name: 
  m_EditorClassIdentifier: 
  animator: {fileID: 1562234191}
  particles: {fileID: 1093578368613180542}
  customParticlesTrigger: 1
  particlesDelay: 0
--- !u!114 &1562234194
MonoBehaviour:
  m_ObjectHideFlags: 0
  m_CorrespondingSourceObject: {fileID: 0}
  m_PrefabInstance: {fileID: 0}
  m_PrefabAsset: {fileID: 0}
  m_GameObject: {fileID: 1562234190}
  m_Enabled: 1
  m_EditorHideFlags: 0
  m_Script: {fileID: 11500000, guid: 8c93dfb28f8eab44bab7d43e1044c41b, type: 3}
  m_Name: 
  m_EditorClassIdentifier: 
  requiredKey: {fileID: 11400000, guid: 0713415ebd9a6d045b2ca6ef003775ee, type: 2}
--- !u!1 &1660672761
GameObject:
  m_ObjectHideFlags: 0
  m_CorrespondingSourceObject: {fileID: 0}
  m_PrefabInstance: {fileID: 0}
  m_PrefabAsset: {fileID: 0}
  serializedVersion: 6
  m_Component:
  - component: {fileID: 1660672762}
  - component: {fileID: 1660672764}
  - component: {fileID: 1660672763}
  - component: {fileID: 1599323809}
  m_Layer: 10
  m_Name: pile
  m_TagString: Untagged
  m_Icon: {fileID: 0}
  m_NavMeshLayer: 0
  m_StaticEditorFlags: 0
  m_IsActive: 1
--- !u!4 &1660672762
Transform:
  m_ObjectHideFlags: 0
  m_CorrespondingSourceObject: {fileID: 0}
  m_PrefabInstance: {fileID: 0}
  m_PrefabAsset: {fileID: 0}
  m_GameObject: {fileID: 1660672761}
  m_LocalRotation: {x: 0, y: -0, z: -0, w: 1}
  m_LocalPosition: {x: -0, y: 0, z: 0}
  m_LocalScale: {x: 1, y: 1, z: 1}
  m_Children: []
  m_Father: {fileID: 1562234195}
  m_RootOrder: 2
  m_LocalEulerAnglesHint: {x: 0, y: 0, z: 0}
--- !u!33 &1660672764
MeshFilter:
  m_ObjectHideFlags: 0
  m_CorrespondingSourceObject: {fileID: 0}
  m_PrefabInstance: {fileID: 0}
  m_PrefabAsset: {fileID: 0}
  m_GameObject: {fileID: 1660672761}
  m_Mesh: {fileID: 4300006, guid: def2a2dab4911c94b8e937360e88d79c, type: 3}
--- !u!23 &1660672763
MeshRenderer:
  m_ObjectHideFlags: 0
  m_CorrespondingSourceObject: {fileID: 0}
  m_PrefabInstance: {fileID: 0}
  m_PrefabAsset: {fileID: 0}
  m_GameObject: {fileID: 1660672761}
  m_Enabled: 1
  m_CastShadows: 1
  m_ReceiveShadows: 1
  m_DynamicOccludee: 1
  m_MotionVectors: 1
  m_LightProbeUsage: 1
  m_ReflectionProbeUsage: 1
  m_RenderingLayerMask: 1
  m_RendererPriority: 0
  m_Materials:
  - {fileID: 2100000, guid: 3d2723c1c936b094e915367b2db79243, type: 2}
  m_StaticBatchInfo:
    firstSubMesh: 0
    subMeshCount: 0
  m_StaticBatchRoot: {fileID: 0}
  m_ProbeAnchor: {fileID: 0}
  m_LightProbeVolumeOverride: {fileID: 0}
  m_ScaleInLightmap: 1
  m_PreserveUVs: 0
  m_IgnoreNormalsForChartDetection: 0
  m_ImportantGI: 0
  m_StitchLightmapSeams: 0
  m_SelectedEditorRenderState: 3
  m_MinimumChartSize: 4
  m_AutoUVMaxDistance: 0.5
  m_AutoUVMaxAngle: 89
  m_LightmapParameters: {fileID: 0}
  m_SortingLayerID: 0
  m_SortingLayer: 0
  m_SortingOrder: 0
--- !u!135 &1599323809
SphereCollider:
  m_ObjectHideFlags: 0
  m_CorrespondingSourceObject: {fileID: 0}
  m_PrefabInstance: {fileID: 0}
  m_PrefabAsset: {fileID: 0}
  m_GameObject: {fileID: 1660672761}
  m_Material: {fileID: 0}
  m_IsTrigger: 0
  m_Enabled: 1
  serializedVersion: 2
  m_Radius: 1.2
  m_Center: {x: 0, y: -0.22, z: 0}
--- !u!1 &1872779560
GameObject:
  m_ObjectHideFlags: 0
  m_CorrespondingSourceObject: {fileID: 0}
  m_PrefabInstance: {fileID: 0}
  m_PrefabAsset: {fileID: 0}
  serializedVersion: 6
  m_Component:
  - component: {fileID: 1872779561}
  m_Layer: 10
  m_Name: shover_grp
  m_TagString: Untagged
  m_Icon: {fileID: 0}
  m_NavMeshLayer: 0
  m_StaticEditorFlags: 0
  m_IsActive: 1
--- !u!4 &1872779561
Transform:
  m_ObjectHideFlags: 0
  m_CorrespondingSourceObject: {fileID: 0}
  m_PrefabInstance: {fileID: 0}
  m_PrefabAsset: {fileID: 0}
  m_GameObject: {fileID: 1872779560}
  m_LocalRotation: {x: 0, y: -0, z: -0, w: 1}
  m_LocalPosition: {x: 0.0053154803, y: 0.5611225, z: 0}
  m_LocalScale: {x: 1, y: 1, z: 1}
  m_Children:
  - {fileID: 16134577}
  - {fileID: 644710038}
  m_Father: {fileID: 1562234195}
  m_RootOrder: 3
  m_LocalEulerAnglesHint: {x: 0, y: 0, z: 0}
--- !u!1 &1898845343
GameObject:
  m_ObjectHideFlags: 0
  m_CorrespondingSourceObject: {fileID: 0}
  m_PrefabInstance: {fileID: 0}
  m_PrefabAsset: {fileID: 0}
  serializedVersion: 6
  m_Component:
  - component: {fileID: 1898845344}
  m_Layer: 10
  m_Name: shovel_master_ctrl
  m_TagString: Untagged
  m_Icon: {fileID: 0}
  m_NavMeshLayer: 0
  m_StaticEditorFlags: 0
  m_IsActive: 1
--- !u!4 &1898845344
Transform:
  m_ObjectHideFlags: 0
  m_CorrespondingSourceObject: {fileID: 0}
  m_PrefabInstance: {fileID: 0}
  m_PrefabAsset: {fileID: 0}
  m_GameObject: {fileID: 1898845343}
  m_LocalRotation: {x: -0.010366505, y: 0.9545979, z: 0.0876805, w: -0.28451288}
  m_LocalPosition: {x: -0, y: -0.36079842, z: 0.3193136}
  m_LocalScale: {x: 1, y: 1, z: 1}
  m_Children:
  - {fileID: 1505110095}
  m_Father: {fileID: 644710038}
  m_RootOrder: 0
  m_LocalEulerAnglesHint: {x: -8.435374, y: -146.53935, z: -4.039619}
--- !u!1 &1932765147
GameObject:
  m_ObjectHideFlags: 0
  m_CorrespondingSourceObject: {fileID: 0}
  m_PrefabInstance: {fileID: 0}
  m_PrefabAsset: {fileID: 0}
  serializedVersion: 6
  m_Component:
  - component: {fileID: 1932765148}
  - component: {fileID: 1932765150}
  - component: {fileID: 1932765149}
  m_Layer: 10
  m_Name: Lock
  m_TagString: Untagged
  m_Icon: {fileID: 0}
  m_NavMeshLayer: 0
  m_StaticEditorFlags: 0
  m_IsActive: 1
--- !u!4 &1932765148
Transform:
  m_ObjectHideFlags: 0
  m_CorrespondingSourceObject: {fileID: 0}
  m_PrefabInstance: {fileID: 0}
  m_PrefabAsset: {fileID: 0}
  m_GameObject: {fileID: 1932765147}
  m_LocalRotation: {x: 0, y: -0, z: -0, w: 1}
  m_LocalPosition: {x: 0.14735556, y: 0.0777726, z: -0.00049501867}
  m_LocalScale: {x: 1, y: 1, z: 1}
  m_Children: []
  m_Father: {fileID: 1273804876}
  m_RootOrder: 4
  m_LocalEulerAnglesHint: {x: 0, y: 0, z: 0}
--- !u!33 &1932765150
MeshFilter:
  m_ObjectHideFlags: 0
  m_CorrespondingSourceObject: {fileID: 0}
  m_PrefabInstance: {fileID: 0}
  m_PrefabAsset: {fileID: 0}
  m_GameObject: {fileID: 1932765147}
  m_Mesh: {fileID: 4300016, guid: def2a2dab4911c94b8e937360e88d79c, type: 3}
--- !u!23 &1932765149
MeshRenderer:
  m_ObjectHideFlags: 0
  m_CorrespondingSourceObject: {fileID: 0}
  m_PrefabInstance: {fileID: 0}
  m_PrefabAsset: {fileID: 0}
  m_GameObject: {fileID: 1932765147}
  m_Enabled: 1
  m_CastShadows: 1
  m_ReceiveShadows: 1
  m_DynamicOccludee: 1
  m_MotionVectors: 1
  m_LightProbeUsage: 1
  m_ReflectionProbeUsage: 1
  m_RenderingLayerMask: 1
  m_RendererPriority: 0
  m_Materials:
  - {fileID: 2100000, guid: 3d2723c1c936b094e915367b2db79243, type: 2}
  - {fileID: 2100000, guid: a167703e1ec837846975588926b31013, type: 2}
  m_StaticBatchInfo:
    firstSubMesh: 0
    subMeshCount: 0
  m_StaticBatchRoot: {fileID: 0}
  m_ProbeAnchor: {fileID: 0}
  m_LightProbeVolumeOverride: {fileID: 0}
  m_ScaleInLightmap: 1
  m_PreserveUVs: 0
  m_IgnoreNormalsForChartDetection: 0
  m_ImportantGI: 0
  m_StitchLightmapSeams: 0
  m_SelectedEditorRenderState: 3
  m_MinimumChartSize: 4
  m_AutoUVMaxDistance: 0.5
  m_AutoUVMaxAngle: 89
  m_LightmapParameters: {fileID: 0}
  m_SortingLayerID: 0
  m_SortingLayer: 0
  m_SortingOrder: 0
--- !u!1001 &4021047550716593806
PrefabInstance:
  m_ObjectHideFlags: 0
  serializedVersion: 2
  m_Modification:
    m_TransformParent: {fileID: 1273804876}
    m_Modifications:
    - target: {fileID: 6263402644328094385, guid: aaf0e35f04adf8f4da9b63fccc70e7c8,
        type: 3}
      propertyPath: m_Name
      value: gold_treasure_additional
      objectReference: {fileID: 0}
    - target: {fileID: 6263402644328094385, guid: aaf0e35f04adf8f4da9b63fccc70e7c8,
        type: 3}
      propertyPath: m_Layer
      value: 10
      objectReference: {fileID: 0}
    - target: {fileID: 6263402644328094390, guid: aaf0e35f04adf8f4da9b63fccc70e7c8,
        type: 3}
      propertyPath: m_LocalPosition.x
      value: 0
      objectReference: {fileID: 0}
    - target: {fileID: 6263402644328094390, guid: aaf0e35f04adf8f4da9b63fccc70e7c8,
        type: 3}
      propertyPath: m_LocalPosition.y
      value: 0
      objectReference: {fileID: 0}
    - target: {fileID: 6263402644328094390, guid: aaf0e35f04adf8f4da9b63fccc70e7c8,
        type: 3}
      propertyPath: m_LocalPosition.z
      value: 0
      objectReference: {fileID: 0}
    - target: {fileID: 6263402644328094390, guid: aaf0e35f04adf8f4da9b63fccc70e7c8,
        type: 3}
      propertyPath: m_LocalRotation.x
      value: 0
      objectReference: {fileID: 0}
    - target: {fileID: 6263402644328094390, guid: aaf0e35f04adf8f4da9b63fccc70e7c8,
        type: 3}
      propertyPath: m_LocalRotation.y
      value: 0
      objectReference: {fileID: 0}
    - target: {fileID: 6263402644328094390, guid: aaf0e35f04adf8f4da9b63fccc70e7c8,
        type: 3}
      propertyPath: m_LocalRotation.z
      value: 0
      objectReference: {fileID: 0}
    - target: {fileID: 6263402644328094390, guid: aaf0e35f04adf8f4da9b63fccc70e7c8,
        type: 3}
      propertyPath: m_LocalRotation.w
      value: 1
      objectReference: {fileID: 0}
    - target: {fileID: 6263402644328094390, guid: aaf0e35f04adf8f4da9b63fccc70e7c8,
        type: 3}
      propertyPath: m_RootOrder
      value: 0
      objectReference: {fileID: 0}
    - target: {fileID: 6263402644328094390, guid: aaf0e35f04adf8f4da9b63fccc70e7c8,
        type: 3}
      propertyPath: m_LocalEulerAnglesHint.x
      value: 0
      objectReference: {fileID: 0}
    - target: {fileID: 6263402644328094390, guid: aaf0e35f04adf8f4da9b63fccc70e7c8,
        type: 3}
      propertyPath: m_LocalEulerAnglesHint.y
      value: 0
      objectReference: {fileID: 0}
    - target: {fileID: 6263402644328094390, guid: aaf0e35f04adf8f4da9b63fccc70e7c8,
        type: 3}
      propertyPath: m_LocalEulerAnglesHint.z
      value: 0
      objectReference: {fileID: 0}
    - target: {fileID: 3946778003745574489, guid: aaf0e35f04adf8f4da9b63fccc70e7c8,
        type: 3}
      propertyPath: m_LocalRotation.x
      value: -0.62042415
      objectReference: {fileID: 0}
    - target: {fileID: 3946778003745574489, guid: aaf0e35f04adf8f4da9b63fccc70e7c8,
        type: 3}
      propertyPath: m_LocalRotation.y
      value: 0.72613907
      objectReference: {fileID: 0}
    - target: {fileID: 3946778003745574489, guid: aaf0e35f04adf8f4da9b63fccc70e7c8,
        type: 3}
      propertyPath: m_LocalRotation.z
      value: -0.22527403
      objectReference: {fileID: 0}
    - target: {fileID: 3946778003745574489, guid: aaf0e35f04adf8f4da9b63fccc70e7c8,
        type: 3}
      propertyPath: m_LocalRotation.w
      value: 0.19247754
      objectReference: {fileID: 0}
    - target: {fileID: 3946778003745574489, guid: aaf0e35f04adf8f4da9b63fccc70e7c8,
        type: 3}
      propertyPath: m_LocalPosition.x
      value: -0.087
      objectReference: {fileID: 0}
    - target: {fileID: 3946778003745574489, guid: aaf0e35f04adf8f4da9b63fccc70e7c8,
        type: 3}
      propertyPath: m_LocalPosition.y
      value: -0.022
      objectReference: {fileID: 0}
    - target: {fileID: 3946778003745574489, guid: aaf0e35f04adf8f4da9b63fccc70e7c8,
        type: 3}
      propertyPath: m_LocalPosition.z
      value: -0.137
      objectReference: {fileID: 0}
    - target: {fileID: 3946778003745574489, guid: aaf0e35f04adf8f4da9b63fccc70e7c8,
        type: 3}
      propertyPath: m_LocalEulerAnglesHint.x
      value: 5.0670004
      objectReference: {fileID: 0}
    - target: {fileID: 3946778003745574489, guid: aaf0e35f04adf8f4da9b63fccc70e7c8,
        type: 3}
      propertyPath: m_LocalEulerAnglesHint.y
      value: 145.85701
      objectReference: {fileID: 0}
    - target: {fileID: 3946778003745574489, guid: aaf0e35f04adf8f4da9b63fccc70e7c8,
        type: 3}
      propertyPath: m_LocalEulerAnglesHint.z
      value: -82.579
      objectReference: {fileID: 0}
    - target: {fileID: 3946778003226351385, guid: aaf0e35f04adf8f4da9b63fccc70e7c8,
        type: 3}
      propertyPath: m_LocalPosition.x
      value: 0.0709
      objectReference: {fileID: 0}
    - target: {fileID: 3946778003226351385, guid: aaf0e35f04adf8f4da9b63fccc70e7c8,
        type: 3}
      propertyPath: m_LocalPosition.y
      value: -0.0239
      objectReference: {fileID: 0}
    - target: {fileID: 3946778003226351385, guid: aaf0e35f04adf8f4da9b63fccc70e7c8,
        type: 3}
      propertyPath: m_LocalPosition.z
      value: 0.0841
      objectReference: {fileID: 0}
    - target: {fileID: 3946778003226351385, guid: aaf0e35f04adf8f4da9b63fccc70e7c8,
        type: 3}
      propertyPath: m_LocalScale.x
      value: 0.37679708
      objectReference: {fileID: 0}
    - target: {fileID: 3946778003226351385, guid: aaf0e35f04adf8f4da9b63fccc70e7c8,
        type: 3}
      propertyPath: m_LocalScale.y
      value: 0.215079
      objectReference: {fileID: 0}
    - target: {fileID: 3946778003226351385, guid: aaf0e35f04adf8f4da9b63fccc70e7c8,
        type: 3}
      propertyPath: m_LocalScale.z
      value: 0.21507908
      objectReference: {fileID: 0}
    - target: {fileID: 3946778001776742832, guid: aaf0e35f04adf8f4da9b63fccc70e7c8,
        type: 3}
      propertyPath: m_LocalRotation.x
      value: -0.66909325
      objectReference: {fileID: 0}
    - target: {fileID: 3946778001776742832, guid: aaf0e35f04adf8f4da9b63fccc70e7c8,
        type: 3}
      propertyPath: m_LocalRotation.y
      value: -0.43822965
      objectReference: {fileID: 0}
    - target: {fileID: 3946778001776742832, guid: aaf0e35f04adf8f4da9b63fccc70e7c8,
        type: 3}
      propertyPath: m_LocalRotation.z
      value: -0.4378663
      objectReference: {fileID: 0}
    - target: {fileID: 3946778001776742832, guid: aaf0e35f04adf8f4da9b63fccc70e7c8,
        type: 3}
      propertyPath: m_LocalRotation.w
      value: 0.4105389
      objectReference: {fileID: 0}
    - target: {fileID: 3946778001776742832, guid: aaf0e35f04adf8f4da9b63fccc70e7c8,
        type: 3}
      propertyPath: m_LocalPosition.x
      value: -0.066
      objectReference: {fileID: 0}
    - target: {fileID: 3946778001776742832, guid: aaf0e35f04adf8f4da9b63fccc70e7c8,
        type: 3}
      propertyPath: m_LocalPosition.y
      value: -0.028
      objectReference: {fileID: 0}
    - target: {fileID: 3946778001776742832, guid: aaf0e35f04adf8f4da9b63fccc70e7c8,
        type: 3}
      propertyPath: m_LocalPosition.z
      value: -0.047
      objectReference: {fileID: 0}
    - target: {fileID: 3946778001776742832, guid: aaf0e35f04adf8f4da9b63fccc70e7c8,
        type: 3}
      propertyPath: m_LocalScale.x
      value: 0.27007207
      objectReference: {fileID: 0}
    - target: {fileID: 3946778001776742832, guid: aaf0e35f04adf8f4da9b63fccc70e7c8,
        type: 3}
      propertyPath: m_LocalScale.y
      value: 0.27007207
      objectReference: {fileID: 0}
    - target: {fileID: 3946778001776742832, guid: aaf0e35f04adf8f4da9b63fccc70e7c8,
        type: 3}
      propertyPath: m_LocalScale.z
      value: 0.35795346
      objectReference: {fileID: 0}
    - target: {fileID: 3946778001776742832, guid: aaf0e35f04adf8f4da9b63fccc70e7c8,
        type: 3}
      propertyPath: m_LocalEulerAnglesHint.x
      value: -68.931
      objectReference: {fileID: 0}
    - target: {fileID: 3946778001776742832, guid: aaf0e35f04adf8f4da9b63fccc70e7c8,
        type: 3}
      propertyPath: m_LocalEulerAnglesHint.y
      value: 141.022
      objectReference: {fileID: 0}
    - target: {fileID: 3946778001776742832, guid: aaf0e35f04adf8f4da9b63fccc70e7c8,
        type: 3}
      propertyPath: m_LocalEulerAnglesHint.z
      value: -219.13899
      objectReference: {fileID: 0}
    - target: {fileID: 3946778001986024679, guid: aaf0e35f04adf8f4da9b63fccc70e7c8,
        type: 3}
      propertyPath: m_LocalRotation.x
      value: 0.3033683
      objectReference: {fileID: 0}
    - target: {fileID: 3946778001986024679, guid: aaf0e35f04adf8f4da9b63fccc70e7c8,
        type: 3}
      propertyPath: m_LocalRotation.y
      value: 0.6195828
      objectReference: {fileID: 0}
    - target: {fileID: 3946778001986024679, guid: aaf0e35f04adf8f4da9b63fccc70e7c8,
        type: 3}
      propertyPath: m_LocalRotation.z
      value: -0.68120193
      objectReference: {fileID: 0}
    - target: {fileID: 3946778001986024679, guid: aaf0e35f04adf8f4da9b63fccc70e7c8,
        type: 3}
      propertyPath: m_LocalRotation.w
      value: 0.24504885
      objectReference: {fileID: 0}
    - target: {fileID: 3946778001986024679, guid: aaf0e35f04adf8f4da9b63fccc70e7c8,
        type: 3}
      propertyPath: m_LocalPosition.x
      value: -0.072
      objectReference: {fileID: 0}
    - target: {fileID: 3946778001986024679, guid: aaf0e35f04adf8f4da9b63fccc70e7c8,
        type: 3}
      propertyPath: m_LocalPosition.y
      value: 0.007
      objectReference: {fileID: 0}
    - target: {fileID: 3946778001986024679, guid: aaf0e35f04adf8f4da9b63fccc70e7c8,
        type: 3}
      propertyPath: m_LocalPosition.z
      value: 0.165
      objectReference: {fileID: 0}
    - target: {fileID: 3946778001986024679, guid: aaf0e35f04adf8f4da9b63fccc70e7c8,
        type: 3}
      propertyPath: m_LocalScale.y
      value: 0.20955905
      objectReference: {fileID: 0}
    - target: {fileID: 3946778001986024679, guid: aaf0e35f04adf8f4da9b63fccc70e7c8,
        type: 3}
      propertyPath: m_LocalEulerAnglesHint.x
      value: 83.121
      objectReference: {fileID: 0}
    - target: {fileID: 3946778001986024679, guid: aaf0e35f04adf8f4da9b63fccc70e7c8,
        type: 3}
      propertyPath: m_LocalEulerAnglesHint.y
      value: -66.285
      objectReference: {fileID: 0}
    - target: {fileID: 3946778001986024679, guid: aaf0e35f04adf8f4da9b63fccc70e7c8,
        type: 3}
      propertyPath: m_LocalEulerAnglesHint.z
      value: -200.564
      objectReference: {fileID: 0}
    - target: {fileID: 5172388667974605555, guid: aaf0e35f04adf8f4da9b63fccc70e7c8,
        type: 3}
      propertyPath: m_LocalRotation.x
      value: -0.32165197
      objectReference: {fileID: 0}
    - target: {fileID: 5172388667974605555, guid: aaf0e35f04adf8f4da9b63fccc70e7c8,
        type: 3}
      propertyPath: m_LocalRotation.y
      value: 0.37645873
      objectReference: {fileID: 0}
    - target: {fileID: 5172388667974605555, guid: aaf0e35f04adf8f4da9b63fccc70e7c8,
        type: 3}
      propertyPath: m_LocalRotation.z
      value: -0.660534
      objectReference: {fileID: 0}
    - target: {fileID: 5172388667974605555, guid: aaf0e35f04adf8f4da9b63fccc70e7c8,
        type: 3}
      propertyPath: m_LocalRotation.w
      value: 0.56437016
      objectReference: {fileID: 0}
    - target: {fileID: 5172388667974605555, guid: aaf0e35f04adf8f4da9b63fccc70e7c8,
        type: 3}
      propertyPath: m_LocalPosition.x
      value: 0.042
      objectReference: {fileID: 0}
    - target: {fileID: 5172388667974605555, guid: aaf0e35f04adf8f4da9b63fccc70e7c8,
        type: 3}
      propertyPath: m_LocalPosition.y
      value: 0.025
      objectReference: {fileID: 0}
    - target: {fileID: 5172388667974605555, guid: aaf0e35f04adf8f4da9b63fccc70e7c8,
        type: 3}
      propertyPath: m_LocalPosition.z
      value: -0.103
      objectReference: {fileID: 0}
    - target: {fileID: 5172388667974605555, guid: aaf0e35f04adf8f4da9b63fccc70e7c8,
        type: 3}
      propertyPath: m_LocalEulerAnglesHint.x
      value: 7.7160006
      objectReference: {fileID: 0}
    - target: {fileID: 5172388667974605555, guid: aaf0e35f04adf8f4da9b63fccc70e7c8,
        type: 3}
      propertyPath: m_LocalEulerAnglesHint.y
      value: 59.050003
      objectReference: {fileID: 0}
    - target: {fileID: 5172388667974605555, guid: aaf0e35f04adf8f4da9b63fccc70e7c8,
        type: 3}
      propertyPath: m_LocalEulerAnglesHint.z
      value: -94.603004
      objectReference: {fileID: 0}
    - target: {fileID: 4566608220933147870, guid: aaf0e35f04adf8f4da9b63fccc70e7c8,
        type: 3}
      propertyPath: m_Layer
      value: 10
      objectReference: {fileID: 0}
    - target: {fileID: 4566608221008046473, guid: aaf0e35f04adf8f4da9b63fccc70e7c8,
        type: 3}
      propertyPath: m_Layer
      value: 10
      objectReference: {fileID: 0}
    - target: {fileID: 4566608221171331659, guid: aaf0e35f04adf8f4da9b63fccc70e7c8,
        type: 3}
      propertyPath: m_Layer
      value: 10
      objectReference: {fileID: 0}
    - target: {fileID: 4566608220302477943, guid: aaf0e35f04adf8f4da9b63fccc70e7c8,
        type: 3}
      propertyPath: m_Layer
      value: 10
      objectReference: {fileID: 0}
    - target: {fileID: 4566608219398012197, guid: aaf0e35f04adf8f4da9b63fccc70e7c8,
        type: 3}
      propertyPath: m_Layer
      value: 10
      objectReference: {fileID: 0}
    - target: {fileID: 4566608219752321847, guid: aaf0e35f04adf8f4da9b63fccc70e7c8,
        type: 3}
      propertyPath: m_Layer
      value: 10
      objectReference: {fileID: 0}
    - target: {fileID: 5643599959841441693, guid: aaf0e35f04adf8f4da9b63fccc70e7c8,
        type: 3}
      propertyPath: m_Layer
      value: 10
      objectReference: {fileID: 0}
    - target: {fileID: 2583881229445789629, guid: aaf0e35f04adf8f4da9b63fccc70e7c8,
        type: 3}
      propertyPath: m_Layer
      value: 10
      objectReference: {fileID: 0}
    - target: {fileID: 2583881229504025322, guid: aaf0e35f04adf8f4da9b63fccc70e7c8,
        type: 3}
      propertyPath: m_Layer
      value: 10
      objectReference: {fileID: 0}
    - target: {fileID: 2583881229610289448, guid: aaf0e35f04adf8f4da9b63fccc70e7c8,
        type: 3}
      propertyPath: m_Layer
      value: 10
      objectReference: {fileID: 0}
    - target: {fileID: 2583881228854778523, guid: aaf0e35f04adf8f4da9b63fccc70e7c8,
        type: 3}
      propertyPath: m_LocalPosition.x
      value: -0.363
      objectReference: {fileID: 0}
    - target: {fileID: 2583881228854778523, guid: aaf0e35f04adf8f4da9b63fccc70e7c8,
        type: 3}
      propertyPath: m_LocalPosition.y
      value: -0.301
      objectReference: {fileID: 0}
    - target: {fileID: 2583881228854778523, guid: aaf0e35f04adf8f4da9b63fccc70e7c8,
        type: 3}
      propertyPath: m_LocalPosition.z
      value: -0.003
      objectReference: {fileID: 0}
    - target: {fileID: 2583881228854778523, guid: aaf0e35f04adf8f4da9b63fccc70e7c8,
        type: 3}
      propertyPath: m_LocalScale.x
      value: 0.56586
      objectReference: {fileID: 0}
    - target: {fileID: 2583881228854778523, guid: aaf0e35f04adf8f4da9b63fccc70e7c8,
        type: 3}
      propertyPath: m_LocalScale.y
      value: 0.56586
      objectReference: {fileID: 0}
    - target: {fileID: 2583881228854778523, guid: aaf0e35f04adf8f4da9b63fccc70e7c8,
        type: 3}
      propertyPath: m_LocalScale.z
      value: 0.56586
      objectReference: {fileID: 0}
    - target: {fileID: 2583881228967724614, guid: aaf0e35f04adf8f4da9b63fccc70e7c8,
        type: 3}
      propertyPath: m_Layer
      value: 10
      objectReference: {fileID: 0}
    - target: {fileID: 2583881229283911764, guid: aaf0e35f04adf8f4da9b63fccc70e7c8,
        type: 3}
      propertyPath: m_Layer
      value: 10
      objectReference: {fileID: 0}
    - target: {fileID: 2583881228733198612, guid: aaf0e35f04adf8f4da9b63fccc70e7c8,
        type: 3}
      propertyPath: m_Layer
      value: 10
      objectReference: {fileID: 0}
    - target: {fileID: 5968971488243563774, guid: aaf0e35f04adf8f4da9b63fccc70e7c8,
        type: 3}
      propertyPath: m_Layer
      value: 10
      objectReference: {fileID: 0}
    - target: {fileID: 2583881229392613911, guid: aaf0e35f04adf8f4da9b63fccc70e7c8,
        type: 3}
      propertyPath: m_Layer
      value: 10
      objectReference: {fileID: 0}
    - target: {fileID: 2583881229584987968, guid: aaf0e35f04adf8f4da9b63fccc70e7c8,
        type: 3}
      propertyPath: m_Layer
      value: 10
      objectReference: {fileID: 0}
    - target: {fileID: 2583881229755779541, guid: aaf0e35f04adf8f4da9b63fccc70e7c8,
        type: 3}
      propertyPath: m_Layer
      value: 10
      objectReference: {fileID: 0}
    - target: {fileID: 2583881228855264955, guid: aaf0e35f04adf8f4da9b63fccc70e7c8,
        type: 3}
      propertyPath: m_Layer
      value: 10
      objectReference: {fileID: 0}
    - target: {fileID: 2583881229138421929, guid: aaf0e35f04adf8f4da9b63fccc70e7c8,
        type: 3}
      propertyPath: m_Layer
      value: 10
      objectReference: {fileID: 0}
    - target: {fileID: 2583881228619690473, guid: aaf0e35f04adf8f4da9b63fccc70e7c8,
        type: 3}
      propertyPath: m_Layer
      value: 10
      objectReference: {fileID: 0}
    - target: {fileID: 5968971488104889347, guid: aaf0e35f04adf8f4da9b63fccc70e7c8,
        type: 3}
      propertyPath: m_Layer
      value: 10
      objectReference: {fileID: 0}
    m_RemovedComponents: []
  m_SourcePrefab: {fileID: 100100000, guid: aaf0e35f04adf8f4da9b63fccc70e7c8, type: 3}
--- !u!4 &6999072058042866744 stripped
Transform:
  m_CorrespondingSourceObject: {fileID: 6263402644328094390, guid: aaf0e35f04adf8f4da9b63fccc70e7c8,
    type: 3}
  m_PrefabInstance: {fileID: 4021047550716593806}
  m_PrefabAsset: {fileID: 0}
--- !u!1001 &8962116645830721501
PrefabInstance:
  m_ObjectHideFlags: 0
  serializedVersion: 2
  m_Modification:
    m_TransformParent: {fileID: 1273804876}
    m_Modifications:
    - target: {fileID: 1225143794860363756, guid: a13d8154e6c83de4daf43825ff83ac07,
        type: 3}
      propertyPath: m_Name
      value: gold_treasure_master
      objectReference: {fileID: 0}
    - target: {fileID: 6435605343233714085, guid: a13d8154e6c83de4daf43825ff83ac07,
        type: 3}
      propertyPath: m_LocalPosition.x
      value: 0
      objectReference: {fileID: 0}
    - target: {fileID: 6435605343233714085, guid: a13d8154e6c83de4daf43825ff83ac07,
        type: 3}
      propertyPath: m_LocalPosition.y
      value: 0
      objectReference: {fileID: 0}
    - target: {fileID: 6435605343233714085, guid: a13d8154e6c83de4daf43825ff83ac07,
        type: 3}
      propertyPath: m_LocalPosition.z
      value: 0
      objectReference: {fileID: 0}
    - target: {fileID: 6435605343233714085, guid: a13d8154e6c83de4daf43825ff83ac07,
        type: 3}
      propertyPath: m_LocalRotation.x
      value: 0
      objectReference: {fileID: 0}
    - target: {fileID: 6435605343233714085, guid: a13d8154e6c83de4daf43825ff83ac07,
        type: 3}
      propertyPath: m_LocalRotation.y
      value: 0
      objectReference: {fileID: 0}
    - target: {fileID: 6435605343233714085, guid: a13d8154e6c83de4daf43825ff83ac07,
        type: 3}
      propertyPath: m_LocalRotation.z
      value: 0
      objectReference: {fileID: 0}
    - target: {fileID: 6435605343233714085, guid: a13d8154e6c83de4daf43825ff83ac07,
        type: 3}
      propertyPath: m_LocalRotation.w
      value: 1
      objectReference: {fileID: 0}
    - target: {fileID: 6435605343233714085, guid: a13d8154e6c83de4daf43825ff83ac07,
        type: 3}
      propertyPath: m_RootOrder
      value: 1
      objectReference: {fileID: 0}
    - target: {fileID: 6435605343233714085, guid: a13d8154e6c83de4daf43825ff83ac07,
        type: 3}
      propertyPath: m_LocalEulerAnglesHint.x
      value: 0
      objectReference: {fileID: 0}
    - target: {fileID: 6435605343233714085, guid: a13d8154e6c83de4daf43825ff83ac07,
        type: 3}
      propertyPath: m_LocalEulerAnglesHint.y
      value: 0
      objectReference: {fileID: 0}
    - target: {fileID: 6435605343233714085, guid: a13d8154e6c83de4daf43825ff83ac07,
        type: 3}
      propertyPath: m_LocalEulerAnglesHint.z
      value: 0
      objectReference: {fileID: 0}
    - target: {fileID: 799204498178548882, guid: a13d8154e6c83de4daf43825ff83ac07,
        type: 3}
      propertyPath: m_IsActive
      value: 1
      objectReference: {fileID: 0}
    m_RemovedComponents: []
  m_SourcePrefab: {fileID: 100100000, guid: a13d8154e6c83de4daf43825ff83ac07, type: 3}
--- !u!198 &1093578368613180542 stripped
ParticleSystem:
  m_CorrespondingSourceObject: {fileID: 8318990876531989411, guid: a13d8154e6c83de4daf43825ff83ac07,
    type: 3}
  m_PrefabInstance: {fileID: 8962116645830721501}
  m_PrefabAsset: {fileID: 0}
--- !u!4 &2670644944805812344 stripped
Transform:
  m_CorrespondingSourceObject: {fileID: 6435605343233714085, guid: a13d8154e6c83de4daf43825ff83ac07,
    type: 3}
  m_PrefabInstance: {fileID: 8962116645830721501}
  m_PrefabAsset: {fileID: 0}
