%YAML 1.1
%TAG !u! tag:unity3d.com,2011:
--- !u!1 &1452997501024651683
GameObject:
  m_ObjectHideFlags: 0
  m_CorrespondingSourceObject: {fileID: 0}
  m_PrefabInstance: {fileID: 0}
  m_PrefabAsset: {fileID: 0}
  serializedVersion: 6
  m_Component:
  - component: {fileID: 1452997501024651680}
  m_Layer: 0
  m_Name: flower_grp
  m_TagString: Untagged
  m_Icon: {fileID: 0}
  m_NavMeshLayer: 0
  m_StaticEditorFlags: 0
  m_IsActive: 1
--- !u!4 &1452997501024651680
Transform:
  m_ObjectHideFlags: 0
  m_CorrespondingSourceObject: {fileID: 0}
  m_PrefabInstance: {fileID: 0}
  m_PrefabAsset: {fileID: 0}
  m_GameObject: {fileID: 1452997501024651683}
  m_LocalRotation: {x: 0, y: 0, z: 0, w: 1}
  m_LocalPosition: {x: 3.154, y: -2.835, z: 5.134}
  m_LocalScale: {x: 1, y: 1, z: 1}
  m_Children:
  - {fileID: 2154265543828173968}
  - {fileID: 2154265544721729365}
  - {fileID: 2154265543835961743}
  - {fileID: 2154265544349267807}
  - {fileID: 2154265543728678708}
  - {fileID: 4144323341902919186}
  - {fileID: 2154265544882991526}
  - {fileID: 2154265543743498208}
  - {fileID: 4144323341419869749}
  m_Father: {fileID: 0}
  m_RootOrder: 0
  m_LocalEulerAnglesHint: {x: 0, y: 0, z: 0}
--- !u!1001 &1452997499689189295
PrefabInstance:
  m_ObjectHideFlags: 0
  serializedVersion: 2
  m_Modification:
    m_TransformParent: {fileID: 1452997501024651680}
    m_Modifications:
    - target: {fileID: 706898695916620017, guid: 079b54260091d4d488cfadc2c43d992e,
        type: 3}
      propertyPath: m_Name
      value: flower1 (5)
      objectReference: {fileID: 0}
    - target: {fileID: 706898695916620016, guid: 079b54260091d4d488cfadc2c43d992e,
        type: 3}
      propertyPath: m_LocalPosition.x
      value: -0.13899994
      objectReference: {fileID: 0}
    - target: {fileID: 706898695916620016, guid: 079b54260091d4d488cfadc2c43d992e,
        type: 3}
      propertyPath: m_LocalPosition.y
      value: -0.062999964
      objectReference: {fileID: 0}
    - target: {fileID: 706898695916620016, guid: 079b54260091d4d488cfadc2c43d992e,
        type: 3}
      propertyPath: m_LocalPosition.z
      value: -0.17799997
      objectReference: {fileID: 0}
    - target: {fileID: 706898695916620016, guid: 079b54260091d4d488cfadc2c43d992e,
        type: 3}
      propertyPath: m_LocalRotation.x
      value: -0
      objectReference: {fileID: 0}
    - target: {fileID: 706898695916620016, guid: 079b54260091d4d488cfadc2c43d992e,
        type: 3}
      propertyPath: m_LocalRotation.y
      value: 0.21702094
      objectReference: {fileID: 0}
    - target: {fileID: 706898695916620016, guid: 079b54260091d4d488cfadc2c43d992e,
        type: 3}
      propertyPath: m_LocalRotation.z
      value: -0
      objectReference: {fileID: 0}
    - target: {fileID: 706898695916620016, guid: 079b54260091d4d488cfadc2c43d992e,
        type: 3}
      propertyPath: m_LocalRotation.w
      value: -0.976167
      objectReference: {fileID: 0}
    - target: {fileID: 706898695916620016, guid: 079b54260091d4d488cfadc2c43d992e,
        type: 3}
      propertyPath: m_RootOrder
      value: 3
      objectReference: {fileID: 0}
    - target: {fileID: 706898695916620016, guid: 079b54260091d4d488cfadc2c43d992e,
        type: 3}
      propertyPath: m_LocalEulerAnglesHint.x
      value: 0
      objectReference: {fileID: 0}
    - target: {fileID: 706898695916620016, guid: 079b54260091d4d488cfadc2c43d992e,
        type: 3}
      propertyPath: m_LocalEulerAnglesHint.y
      value: -385.068
      objectReference: {fileID: 0}
    - target: {fileID: 706898695916620016, guid: 079b54260091d4d488cfadc2c43d992e,
        type: 3}
      propertyPath: m_LocalEulerAnglesHint.z
      value: 0
      objectReference: {fileID: 0}
    - target: {fileID: 706898695916620016, guid: 079b54260091d4d488cfadc2c43d992e,
        type: 3}
      propertyPath: m_LocalScale.x
      value: 1.3283001
      objectReference: {fileID: 0}
    - target: {fileID: 706898695916620016, guid: 079b54260091d4d488cfadc2c43d992e,
        type: 3}
      propertyPath: m_LocalScale.y
      value: 1.3283
      objectReference: {fileID: 0}
    - target: {fileID: 706898695916620016, guid: 079b54260091d4d488cfadc2c43d992e,
        type: 3}
      propertyPath: m_LocalScale.z
      value: 1.3283001
      objectReference: {fileID: 0}
    m_RemovedComponents: []
  m_SourcePrefab: {fileID: 100100000, guid: 079b54260091d4d488cfadc2c43d992e, type: 3}
--- !u!4 &2154265544349267807 stripped
Transform:
  m_CorrespondingSourceObject: {fileID: 706898695916620016, guid: 079b54260091d4d488cfadc2c43d992e,
    type: 3}
  m_PrefabInstance: {fileID: 1452997499689189295}
  m_PrefabAsset: {fileID: 0}
--- !u!1001 &1452997500231301462
PrefabInstance:
  m_ObjectHideFlags: 0
  serializedVersion: 2
  m_Modification:
    m_TransformParent: {fileID: 1452997501024651680}
    m_Modifications:
    - target: {fileID: 706898695916620017, guid: 079b54260091d4d488cfadc2c43d992e,
        type: 3}
      propertyPath: m_Name
      value: flower1 (1)
      objectReference: {fileID: 0}
    - target: {fileID: 706898695916620016, guid: 079b54260091d4d488cfadc2c43d992e,
        type: 3}
      propertyPath: m_LocalPosition.x
      value: -0.35399985
      objectReference: {fileID: 0}
    - target: {fileID: 706898695916620016, guid: 079b54260091d4d488cfadc2c43d992e,
        type: 3}
      propertyPath: m_LocalPosition.y
      value: -0.062999964
      objectReference: {fileID: 0}
    - target: {fileID: 706898695916620016, guid: 079b54260091d4d488cfadc2c43d992e,
        type: 3}
      propertyPath: m_LocalPosition.z
      value: -0.056999683
      objectReference: {fileID: 0}
    - target: {fileID: 706898695916620016, guid: 079b54260091d4d488cfadc2c43d992e,
        type: 3}
      propertyPath: m_LocalRotation.x
      value: -0
      objectReference: {fileID: 0}
    - target: {fileID: 706898695916620016, guid: 079b54260091d4d488cfadc2c43d992e,
        type: 3}
      propertyPath: m_LocalRotation.y
      value: -0.6579106
      objectReference: {fileID: 0}
    - target: {fileID: 706898695916620016, guid: 079b54260091d4d488cfadc2c43d992e,
        type: 3}
      propertyPath: m_LocalRotation.z
      value: -0
      objectReference: {fileID: 0}
    - target: {fileID: 706898695916620016, guid: 079b54260091d4d488cfadc2c43d992e,
        type: 3}
      propertyPath: m_LocalRotation.w
      value: 0.75309616
      objectReference: {fileID: 0}
    - target: {fileID: 706898695916620016, guid: 079b54260091d4d488cfadc2c43d992e,
        type: 3}
      propertyPath: m_RootOrder
      value: 6
      objectReference: {fileID: 0}
    - target: {fileID: 706898695916620016, guid: 079b54260091d4d488cfadc2c43d992e,
        type: 3}
      propertyPath: m_LocalEulerAnglesHint.x
      value: 0
      objectReference: {fileID: 0}
    - target: {fileID: 706898695916620016, guid: 079b54260091d4d488cfadc2c43d992e,
        type: 3}
      propertyPath: m_LocalEulerAnglesHint.y
      value: -82.281006
      objectReference: {fileID: 0}
    - target: {fileID: 706898695916620016, guid: 079b54260091d4d488cfadc2c43d992e,
        type: 3}
      propertyPath: m_LocalEulerAnglesHint.z
      value: 0
      objectReference: {fileID: 0}
    - target: {fileID: 706898695916620016, guid: 079b54260091d4d488cfadc2c43d992e,
        type: 3}
      propertyPath: m_LocalScale.x
      value: 1
      objectReference: {fileID: 0}
    - target: {fileID: 706898695916620016, guid: 079b54260091d4d488cfadc2c43d992e,
        type: 3}
      propertyPath: m_LocalScale.z
      value: 1
      objectReference: {fileID: 0}
    m_RemovedComponents: []
  m_SourcePrefab: {fileID: 100100000, guid: 079b54260091d4d488cfadc2c43d992e, type: 3}
--- !u!4 &2154265544882991526 stripped
Transform:
  m_CorrespondingSourceObject: {fileID: 706898695916620016, guid: 079b54260091d4d488cfadc2c43d992e,
    type: 3}
  m_PrefabInstance: {fileID: 1452997500231301462}
  m_PrefabAsset: {fileID: 0}
--- !u!1001 &1452997500407156645
PrefabInstance:
  m_ObjectHideFlags: 0
  serializedVersion: 2
  m_Modification:
    m_TransformParent: {fileID: 1452997501024651680}
    m_Modifications:
    - target: {fileID: 706898695916620017, guid: 079b54260091d4d488cfadc2c43d992e,
        type: 3}
      propertyPath: m_Name
      value: flower1 (3)
      objectReference: {fileID: 0}
    - target: {fileID: 706898695916620016, guid: 079b54260091d4d488cfadc2c43d992e,
        type: 3}
      propertyPath: m_LocalPosition.x
      value: -0.18199992
      objectReference: {fileID: 0}
    - target: {fileID: 706898695916620016, guid: 079b54260091d4d488cfadc2c43d992e,
        type: 3}
      propertyPath: m_LocalPosition.y
      value: -0.0769999
      objectReference: {fileID: 0}
    - target: {fileID: 706898695916620016, guid: 079b54260091d4d488cfadc2c43d992e,
        type: 3}
      propertyPath: m_LocalPosition.z
      value: 0.3050003
      objectReference: {fileID: 0}
    - target: {fileID: 706898695916620016, guid: 079b54260091d4d488cfadc2c43d992e,
        type: 3}
      propertyPath: m_LocalRotation.x
      value: -0
      objectReference: {fileID: 0}
    - target: {fileID: 706898695916620016, guid: 079b54260091d4d488cfadc2c43d992e,
        type: 3}
      propertyPath: m_LocalRotation.y
      value: -0.9799133
      objectReference: {fileID: 0}
    - target: {fileID: 706898695916620016, guid: 079b54260091d4d488cfadc2c43d992e,
        type: 3}
      propertyPath: m_LocalRotation.z
      value: -0
      objectReference: {fileID: 0}
    - target: {fileID: 706898695916620016, guid: 079b54260091d4d488cfadc2c43d992e,
        type: 3}
      propertyPath: m_LocalRotation.w
      value: -0.19942424
      objectReference: {fileID: 0}
    - target: {fileID: 706898695916620016, guid: 079b54260091d4d488cfadc2c43d992e,
        type: 3}
      propertyPath: m_RootOrder
      value: 1
      objectReference: {fileID: 0}
    - target: {fileID: 706898695916620016, guid: 079b54260091d4d488cfadc2c43d992e,
        type: 3}
      propertyPath: m_LocalEulerAnglesHint.x
      value: 0
      objectReference: {fileID: 0}
    - target: {fileID: 706898695916620016, guid: 079b54260091d4d488cfadc2c43d992e,
        type: 3}
      propertyPath: m_LocalEulerAnglesHint.y
      value: -203.00699
      objectReference: {fileID: 0}
    - target: {fileID: 706898695916620016, guid: 079b54260091d4d488cfadc2c43d992e,
        type: 3}
      propertyPath: m_LocalEulerAnglesHint.z
      value: 0
      objectReference: {fileID: 0}
    - target: {fileID: 706898695916620016, guid: 079b54260091d4d488cfadc2c43d992e,
        type: 3}
      propertyPath: m_LocalScale.x
      value: 1
      objectReference: {fileID: 0}
    - target: {fileID: 706898695916620016, guid: 079b54260091d4d488cfadc2c43d992e,
        type: 3}
      propertyPath: m_LocalScale.z
      value: 1
      objectReference: {fileID: 0}
    m_RemovedComponents: []
  m_SourcePrefab: {fileID: 100100000, guid: 079b54260091d4d488cfadc2c43d992e, type: 3}
--- !u!4 &2154265544721729365 stripped
Transform:
  m_CorrespondingSourceObject: {fileID: 706898695916620016, guid: 079b54260091d4d488cfadc2c43d992e,
    type: 3}
  m_PrefabInstance: {fileID: 1452997500407156645}
  m_PrefabAsset: {fileID: 0}
--- !u!1001 &1452997500723744983
PrefabInstance:
  m_ObjectHideFlags: 0
  serializedVersion: 2
  m_Modification:
    m_TransformParent: {fileID: 1452997501024651680}
    m_Modifications:
    - target: {fileID: 3290316688461981382, guid: f9d4a12782dd68847ad925614084bbc6,
        type: 3}
      propertyPath: m_Name
      value: flower2 (1)
      objectReference: {fileID: 0}
    - target: {fileID: 3290316688461981381, guid: f9d4a12782dd68847ad925614084bbc6,
        type: 3}
      propertyPath: m_LocalPosition.x
      value: -0.04699993
      objectReference: {fileID: 0}
    - target: {fileID: 3290316688461981381, guid: f9d4a12782dd68847ad925614084bbc6,
        type: 3}
      propertyPath: m_LocalPosition.y
      value: -0.036000013
      objectReference: {fileID: 0}
    - target: {fileID: 3290316688461981381, guid: f9d4a12782dd68847ad925614084bbc6,
        type: 3}
      propertyPath: m_LocalPosition.z
      value: -0.032000065
      objectReference: {fileID: 0}
    - target: {fileID: 3290316688461981381, guid: f9d4a12782dd68847ad925614084bbc6,
        type: 3}
      propertyPath: m_LocalRotation.x
      value: -0
      objectReference: {fileID: 0}
    - target: {fileID: 3290316688461981381, guid: f9d4a12782dd68847ad925614084bbc6,
        type: 3}
      propertyPath: m_LocalRotation.y
      value: -0.9595942
      objectReference: {fileID: 0}
    - target: {fileID: 3290316688461981381, guid: f9d4a12782dd68847ad925614084bbc6,
        type: 3}
      propertyPath: m_LocalRotation.z
      value: -0
      objectReference: {fileID: 0}
    - target: {fileID: 3290316688461981381, guid: f9d4a12782dd68847ad925614084bbc6,
        type: 3}
      propertyPath: m_LocalRotation.w
      value: 0.28138772
      objectReference: {fileID: 0}
    - target: {fileID: 3290316688461981381, guid: f9d4a12782dd68847ad925614084bbc6,
        type: 3}
      propertyPath: m_RootOrder
      value: 5
      objectReference: {fileID: 0}
    - target: {fileID: 3290316688461981381, guid: f9d4a12782dd68847ad925614084bbc6,
        type: 3}
      propertyPath: m_LocalEulerAnglesHint.x
      value: 0
      objectReference: {fileID: 0}
    - target: {fileID: 3290316688461981381, guid: f9d4a12782dd68847ad925614084bbc6,
        type: 3}
      propertyPath: m_LocalEulerAnglesHint.y
      value: -147.31401
      objectReference: {fileID: 0}
    - target: {fileID: 3290316688461981381, guid: f9d4a12782dd68847ad925614084bbc6,
        type: 3}
      propertyPath: m_LocalEulerAnglesHint.z
      value: 0
      objectReference: {fileID: 0}
    - target: {fileID: 3290316688461981381, guid: f9d4a12782dd68847ad925614084bbc6,
        type: 3}
      propertyPath: m_LocalScale.x
      value: 0.8658603
      objectReference: {fileID: 0}
    - target: {fileID: 3290316688461981381, guid: f9d4a12782dd68847ad925614084bbc6,
        type: 3}
      propertyPath: m_LocalScale.y
      value: 0.86586
      objectReference: {fileID: 0}
    - target: {fileID: 3290316688461981381, guid: f9d4a12782dd68847ad925614084bbc6,
        type: 3}
      propertyPath: m_LocalScale.z
      value: 0.8658603
      objectReference: {fileID: 0}
    m_RemovedComponents: []
  m_SourcePrefab: {fileID: 100100000, guid: f9d4a12782dd68847ad925614084bbc6, type: 3}
--- !u!4 &4144323341902919186 stripped
Transform:
  m_CorrespondingSourceObject: {fileID: 3290316688461981381, guid: f9d4a12782dd68847ad925614084bbc6,
    type: 3}
  m_PrefabInstance: {fileID: 1452997500723744983}
  m_PrefabAsset: {fileID: 0}
--- !u!1001 &1452997501255684336
PrefabInstance:
  m_ObjectHideFlags: 0
  serializedVersion: 2
  m_Modification:
    m_TransformParent: {fileID: 1452997501024651680}
    m_Modifications:
    - target: {fileID: 3290316688461981382, guid: f9d4a12782dd68847ad925614084bbc6,
        type: 3}
      propertyPath: m_Name
      value: flower2 (2)
      objectReference: {fileID: 0}
    - target: {fileID: 3290316688461981381, guid: f9d4a12782dd68847ad925614084bbc6,
        type: 3}
      propertyPath: m_LocalPosition.x
      value: 0.37600017
      objectReference: {fileID: 0}
    - target: {fileID: 3290316688461981381, guid: f9d4a12782dd68847ad925614084bbc6,
        type: 3}
      propertyPath: m_LocalPosition.y
      value: -0.08099985
      objectReference: {fileID: 0}
    - target: {fileID: 3290316688461981381, guid: f9d4a12782dd68847ad925614084bbc6,
        type: 3}
      propertyPath: m_LocalPosition.z
      value: 0.27600002
      objectReference: {fileID: 0}
    - target: {fileID: 3290316688461981381, guid: f9d4a12782dd68847ad925614084bbc6,
        type: 3}
      propertyPath: m_LocalRotation.x
      value: -0
      objectReference: {fileID: 0}
    - target: {fileID: 3290316688461981381, guid: f9d4a12782dd68847ad925614084bbc6,
        type: 3}
      propertyPath: m_LocalRotation.y
      value: -0.7891885
      objectReference: {fileID: 0}
    - target: {fileID: 3290316688461981381, guid: f9d4a12782dd68847ad925614084bbc6,
        type: 3}
      propertyPath: m_LocalRotation.z
      value: -0
      objectReference: {fileID: 0}
    - target: {fileID: 3290316688461981381, guid: f9d4a12782dd68847ad925614084bbc6,
        type: 3}
      propertyPath: m_LocalRotation.w
      value: 0.6141511
      objectReference: {fileID: 0}
    - target: {fileID: 3290316688461981381, guid: f9d4a12782dd68847ad925614084bbc6,
        type: 3}
      propertyPath: m_RootOrder
      value: 8
      objectReference: {fileID: 0}
    - target: {fileID: 3290316688461981381, guid: f9d4a12782dd68847ad925614084bbc6,
        type: 3}
      propertyPath: m_LocalEulerAnglesHint.x
      value: 0
      objectReference: {fileID: 0}
    - target: {fileID: 3290316688461981381, guid: f9d4a12782dd68847ad925614084bbc6,
        type: 3}
      propertyPath: m_LocalEulerAnglesHint.y
      value: -104.219
      objectReference: {fileID: 0}
    - target: {fileID: 3290316688461981381, guid: f9d4a12782dd68847ad925614084bbc6,
        type: 3}
      propertyPath: m_LocalEulerAnglesHint.z
      value: 0
      objectReference: {fileID: 0}
    - target: {fileID: 3290316688461981381, guid: f9d4a12782dd68847ad925614084bbc6,
        type: 3}
      propertyPath: m_LocalScale.x
      value: 0.90172046
      objectReference: {fileID: 0}
    - target: {fileID: 3290316688461981381, guid: f9d4a12782dd68847ad925614084bbc6,
        type: 3}
      propertyPath: m_LocalScale.y
      value: 0.90172
      objectReference: {fileID: 0}
    - target: {fileID: 3290316688461981381, guid: f9d4a12782dd68847ad925614084bbc6,
        type: 3}
      propertyPath: m_LocalScale.z
      value: 0.90172046
      objectReference: {fileID: 0}
    m_RemovedComponents: []
  m_SourcePrefab: {fileID: 100100000, guid: f9d4a12782dd68847ad925614084bbc6, type: 3}
--- !u!4 &4144323341419869749 stripped
Transform:
  m_CorrespondingSourceObject: {fileID: 3290316688461981381, guid: f9d4a12782dd68847ad925614084bbc6,
    type: 3}
  m_PrefabInstance: {fileID: 1452997501255684336}
  m_PrefabAsset: {fileID: 0}
--- !u!1001 &1452997501265691007
PrefabInstance:
  m_ObjectHideFlags: 0
  serializedVersion: 2
  m_Modification:
    m_TransformParent: {fileID: 1452997501024651680}
    m_Modifications:
    - target: {fileID: 706898695916620017, guid: 079b54260091d4d488cfadc2c43d992e,
        type: 3}
      propertyPath: m_Name
      value: flower1 (4)
      objectReference: {fileID: 0}
    - target: {fileID: 706898695916620016, guid: 079b54260091d4d488cfadc2c43d992e,
        type: 3}
      propertyPath: m_LocalPosition.x
      value: 0.22500014
      objectReference: {fileID: 0}
    - target: {fileID: 706898695916620016, guid: 079b54260091d4d488cfadc2c43d992e,
        type: 3}
      propertyPath: m_LocalPosition.y
      value: -0.08099985
      objectReference: {fileID: 0}
    - target: {fileID: 706898695916620016, guid: 079b54260091d4d488cfadc2c43d992e,
        type: 3}
      propertyPath: m_LocalPosition.z
      value: -0.023999691
      objectReference: {fileID: 0}
    - target: {fileID: 706898695916620016, guid: 079b54260091d4d488cfadc2c43d992e,
        type: 3}
      propertyPath: m_LocalRotation.x
      value: -0
      objectReference: {fileID: 0}
    - target: {fileID: 706898695916620016, guid: 079b54260091d4d488cfadc2c43d992e,
        type: 3}
      propertyPath: m_LocalRotation.y
      value: -0.9799133
      objectReference: {fileID: 0}
    - target: {fileID: 706898695916620016, guid: 079b54260091d4d488cfadc2c43d992e,
        type: 3}
      propertyPath: m_LocalRotation.z
      value: -0
      objectReference: {fileID: 0}
    - target: {fileID: 706898695916620016, guid: 079b54260091d4d488cfadc2c43d992e,
        type: 3}
      propertyPath: m_LocalRotation.w
      value: -0.19942424
      objectReference: {fileID: 0}
    - target: {fileID: 706898695916620016, guid: 079b54260091d4d488cfadc2c43d992e,
        type: 3}
      propertyPath: m_RootOrder
      value: 2
      objectReference: {fileID: 0}
    - target: {fileID: 706898695916620016, guid: 079b54260091d4d488cfadc2c43d992e,
        type: 3}
      propertyPath: m_LocalEulerAnglesHint.x
      value: 0
      objectReference: {fileID: 0}
    - target: {fileID: 706898695916620016, guid: 079b54260091d4d488cfadc2c43d992e,
        type: 3}
      propertyPath: m_LocalEulerAnglesHint.y
      value: -203.00699
      objectReference: {fileID: 0}
    - target: {fileID: 706898695916620016, guid: 079b54260091d4d488cfadc2c43d992e,
        type: 3}
      propertyPath: m_LocalEulerAnglesHint.z
      value: 0
      objectReference: {fileID: 0}
    - target: {fileID: 706898695916620016, guid: 079b54260091d4d488cfadc2c43d992e,
        type: 3}
      propertyPath: m_LocalScale.x
      value: 1
      objectReference: {fileID: 0}
    - target: {fileID: 706898695916620016, guid: 079b54260091d4d488cfadc2c43d992e,
        type: 3}
      propertyPath: m_LocalScale.z
      value: 1
      objectReference: {fileID: 0}
    m_RemovedComponents: []
  m_SourcePrefab: {fileID: 100100000, guid: 079b54260091d4d488cfadc2c43d992e, type: 3}
--- !u!4 &2154265543835961743 stripped
Transform:
  m_CorrespondingSourceObject: {fileID: 706898695916620016, guid: 079b54260091d4d488cfadc2c43d992e,
    type: 3}
  m_PrefabInstance: {fileID: 1452997501265691007}
  m_PrefabAsset: {fileID: 0}
--- !u!1001 &1452997501323967584
PrefabInstance:
  m_ObjectHideFlags: 0
  serializedVersion: 2
  m_Modification:
    m_TransformParent: {fileID: 1452997501024651680}
    m_Modifications:
    - target: {fileID: 706898695916620017, guid: 079b54260091d4d488cfadc2c43d992e,
        type: 3}
      propertyPath: m_Name
      value: flower1 (2)
      objectReference: {fileID: 0}
    - target: {fileID: 706898695916620016, guid: 079b54260091d4d488cfadc2c43d992e,
        type: 3}
      propertyPath: m_LocalPosition.x
      value: -0.2249999
      objectReference: {fileID: 0}
    - target: {fileID: 706898695916620016, guid: 079b54260091d4d488cfadc2c43d992e,
        type: 3}
      propertyPath: m_LocalPosition.y
      value: -0.062999964
      objectReference: {fileID: 0}
    - target: {fileID: 706898695916620016, guid: 079b54260091d4d488cfadc2c43d992e,
        type: 3}
      propertyPath: m_LocalPosition.z
      value: -0.3119998
      objectReference: {fileID: 0}
    - target: {fileID: 706898695916620016, guid: 079b54260091d4d488cfadc2c43d992e,
        type: 3}
      propertyPath: m_LocalRotation.x
      value: -0
      objectReference: {fileID: 0}
    - target: {fileID: 706898695916620016, guid: 079b54260091d4d488cfadc2c43d992e,
        type: 3}
      propertyPath: m_LocalRotation.y
      value: -0.7632755
      objectReference: {fileID: 0}
    - target: {fileID: 706898695916620016, guid: 079b54260091d4d488cfadc2c43d992e,
        type: 3}
      propertyPath: m_LocalRotation.z
      value: -0
      objectReference: {fileID: 0}
    - target: {fileID: 706898695916620016, guid: 079b54260091d4d488cfadc2c43d992e,
        type: 3}
      propertyPath: m_LocalRotation.w
      value: 0.64607316
      objectReference: {fileID: 0}
    - target: {fileID: 706898695916620016, guid: 079b54260091d4d488cfadc2c43d992e,
        type: 3}
      propertyPath: m_RootOrder
      value: 0
      objectReference: {fileID: 0}
    - target: {fileID: 706898695916620016, guid: 079b54260091d4d488cfadc2c43d992e,
        type: 3}
      propertyPath: m_LocalEulerAnglesHint.x
      value: 0
      objectReference: {fileID: 0}
    - target: {fileID: 706898695916620016, guid: 079b54260091d4d488cfadc2c43d992e,
        type: 3}
      propertyPath: m_LocalEulerAnglesHint.y
      value: -99.508
      objectReference: {fileID: 0}
    - target: {fileID: 706898695916620016, guid: 079b54260091d4d488cfadc2c43d992e,
        type: 3}
      propertyPath: m_LocalEulerAnglesHint.z
      value: 0
      objectReference: {fileID: 0}
    - target: {fileID: 706898695916620016, guid: 079b54260091d4d488cfadc2c43d992e,
        type: 3}
      propertyPath: m_LocalScale.x
      value: 1
      objectReference: {fileID: 0}
    - target: {fileID: 706898695916620016, guid: 079b54260091d4d488cfadc2c43d992e,
        type: 3}
      propertyPath: m_LocalScale.z
      value: 1
      objectReference: {fileID: 0}
    m_RemovedComponents: []
  m_SourcePrefab: {fileID: 100100000, guid: 079b54260091d4d488cfadc2c43d992e, type: 3}
--- !u!4 &2154265543828173968 stripped
Transform:
  m_CorrespondingSourceObject: {fileID: 706898695916620016, guid: 079b54260091d4d488cfadc2c43d992e,
    type: 3}
  m_PrefabInstance: {fileID: 1452997501323967584}
  m_PrefabAsset: {fileID: 0}
--- !u!1001 &1452997501375082256
PrefabInstance:
  m_ObjectHideFlags: 0
  serializedVersion: 2
  m_Modification:
    m_TransformParent: {fileID: 1452997501024651680}
    m_Modifications:
    - target: {fileID: 706898695916620017, guid: 079b54260091d4d488cfadc2c43d992e,
        type: 3}
      propertyPath: m_Name
      value: flower1 (7)
      objectReference: {fileID: 0}
    - target: {fileID: 706898695916620016, guid: 079b54260091d4d488cfadc2c43d992e,
        type: 3}
      propertyPath: m_LocalPosition.x
      value: -0.09399986
      objectReference: {fileID: 0}
    - target: {fileID: 706898695916620016, guid: 079b54260091d4d488cfadc2c43d992e,
        type: 3}
      propertyPath: m_LocalPosition.y
      value: -0.062999964
      objectReference: {fileID: 0}
    - target: {fileID: 706898695916620016, guid: 079b54260091d4d488cfadc2c43d992e,
        type: 3}
      propertyPath: m_LocalPosition.z
      value: -0.54699993
      objectReference: {fileID: 0}
    - target: {fileID: 706898695916620016, guid: 079b54260091d4d488cfadc2c43d992e,
        type: 3}
      propertyPath: m_LocalRotation.x
      value: -0
      objectReference: {fileID: 0}
    - target: {fileID: 706898695916620016, guid: 079b54260091d4d488cfadc2c43d992e,
        type: 3}
      propertyPath: m_LocalRotation.y
      value: -0.8946562
      objectReference: {fileID: 0}
    - target: {fileID: 706898695916620016, guid: 079b54260091d4d488cfadc2c43d992e,
        type: 3}
      propertyPath: m_LocalRotation.z
      value: -0
      objectReference: {fileID: 0}
    - target: {fileID: 706898695916620016, guid: 079b54260091d4d488cfadc2c43d992e,
        type: 3}
      propertyPath: m_LocalRotation.w
      value: -0.4467554
      objectReference: {fileID: 0}
    - target: {fileID: 706898695916620016, guid: 079b54260091d4d488cfadc2c43d992e,
        type: 3}
      propertyPath: m_RootOrder
      value: 7
      objectReference: {fileID: 0}
    - target: {fileID: 706898695916620016, guid: 079b54260091d4d488cfadc2c43d992e,
        type: 3}
      propertyPath: m_LocalEulerAnglesHint.x
      value: 0
      objectReference: {fileID: 0}
    - target: {fileID: 706898695916620016, guid: 079b54260091d4d488cfadc2c43d992e,
        type: 3}
      propertyPath: m_LocalEulerAnglesHint.y
      value: -233.07098
      objectReference: {fileID: 0}
    - target: {fileID: 706898695916620016, guid: 079b54260091d4d488cfadc2c43d992e,
        type: 3}
      propertyPath: m_LocalEulerAnglesHint.z
      value: 0
      objectReference: {fileID: 0}
    - target: {fileID: 706898695916620016, guid: 079b54260091d4d488cfadc2c43d992e,
        type: 3}
      propertyPath: m_LocalScale.x
      value: 1
      objectReference: {fileID: 0}
    - target: {fileID: 706898695916620016, guid: 079b54260091d4d488cfadc2c43d992e,
        type: 3}
      propertyPath: m_LocalScale.z
      value: 1
      objectReference: {fileID: 0}
    m_RemovedComponents: []
  m_SourcePrefab: {fileID: 100100000, guid: 079b54260091d4d488cfadc2c43d992e, type: 3}
--- !u!4 &2154265543743498208 stripped
Transform:
  m_CorrespondingSourceObject: {fileID: 706898695916620016, guid: 079b54260091d4d488cfadc2c43d992e,
    type: 3}
  m_PrefabInstance: {fileID: 1452997501375082256}
  m_PrefabAsset: {fileID: 0}
--- !u!1001 &1452997501417410500
PrefabInstance:
  m_ObjectHideFlags: 0
  serializedVersion: 2
  m_Modification:
    m_TransformParent: {fileID: 1452997501024651680}
    m_Modifications:
    - target: {fileID: 706898695916620017, guid: 079b54260091d4d488cfadc2c43d992e,
        type: 3}
      propertyPath: m_Name
      value: flower1 (6)
      objectReference: {fileID: 0}
    - target: {fileID: 706898695916620016, guid: 079b54260091d4d488cfadc2c43d992e,
        type: 3}
      propertyPath: m_LocalPosition.x
      value: 0.352
      objectReference: {fileID: 0}
    - target: {fileID: 706898695916620016, guid: 079b54260091d4d488cfadc2c43d992e,
        type: 3}
      propertyPath: m_LocalPosition.y
      value: -0.062999964
      objectReference: {fileID: 0}
    - target: {fileID: 706898695916620016, guid: 079b54260091d4d488cfadc2c43d992e,
        type: 3}
      propertyPath: m_LocalPosition.z
      value: 0.40600014
      objectReference: {fileID: 0}
    - target: {fileID: 706898695916620016, guid: 079b54260091d4d488cfadc2c43d992e,
        type: 3}
      propertyPath: m_LocalRotation.x
      value: -0
      objectReference: {fileID: 0}
    - target: {fileID: 706898695916620016, guid: 079b54260091d4d488cfadc2c43d992e,
        type: 3}
      propertyPath: m_LocalRotation.y
      value: -0.5110698
      objectReference: {fileID: 0}
    - target: {fileID: 706898695916620016, guid: 079b54260091d4d488cfadc2c43d992e,
        type: 3}
      propertyPath: m_LocalRotation.z
      value: -0
      objectReference: {fileID: 0}
    - target: {fileID: 706898695916620016, guid: 079b54260091d4d488cfadc2c43d992e,
        type: 3}
      propertyPath: m_LocalRotation.w
      value: -0.8595393
      objectReference: {fileID: 0}
    - target: {fileID: 706898695916620016, guid: 079b54260091d4d488cfadc2c43d992e,
        type: 3}
      propertyPath: m_RootOrder
      value: 4
      objectReference: {fileID: 0}
    - target: {fileID: 706898695916620016, guid: 079b54260091d4d488cfadc2c43d992e,
        type: 3}
      propertyPath: m_LocalEulerAnglesHint.x
      value: 0
      objectReference: {fileID: 0}
    - target: {fileID: 706898695916620016, guid: 079b54260091d4d488cfadc2c43d992e,
        type: 3}
      propertyPath: m_LocalEulerAnglesHint.y
      value: -298.53
      objectReference: {fileID: 0}
    - target: {fileID: 706898695916620016, guid: 079b54260091d4d488cfadc2c43d992e,
        type: 3}
      propertyPath: m_LocalEulerAnglesHint.z
      value: 0
      objectReference: {fileID: 0}
    - target: {fileID: 706898695916620016, guid: 079b54260091d4d488cfadc2c43d992e,
        type: 3}
      propertyPath: m_LocalScale.x
      value: 1.0282
      objectReference: {fileID: 0}
    - target: {fileID: 706898695916620016, guid: 079b54260091d4d488cfadc2c43d992e,
        type: 3}
      propertyPath: m_LocalScale.y
      value: 1.0282
      objectReference: {fileID: 0}
    - target: {fileID: 706898695916620016, guid: 079b54260091d4d488cfadc2c43d992e,
        type: 3}
      propertyPath: m_LocalScale.z
      value: 1.0282
      objectReference: {fileID: 0}
    m_RemovedComponents: []
  m_SourcePrefab: {fileID: 100100000, guid: 079b54260091d4d488cfadc2c43d992e, type: 3}
--- !u!4 &2154265543728678708 stripped
Transform:
  m_CorrespondingSourceObject: {fileID: 706898695916620016, guid: 079b54260091d4d488cfadc2c43d992e,
    type: 3}
  m_PrefabInstance: {fileID: 1452997501417410500}
  m_PrefabAsset: {fileID: 0}
