%YAML 1.1
%TAG !u! tag:unity3d.com,2011:
--- !u!1 &6263402644328094385
GameObject:
  m_ObjectHideFlags: 0
  m_CorrespondingSourceObject: {fileID: 0}
  m_PrefabInstance: {fileID: 0}
  m_PrefabAsset: {fileID: 0}
  serializedVersion: 6
  m_Component:
  - component: {fileID: 6263402644328094390}
  m_Layer: 0
  m_Name: chest_additional_gold
  m_TagString: Untagged
  m_Icon: {fileID: 0}
  m_NavMeshLayer: 0
  m_StaticEditorFlags: 0
  m_IsActive: 1
--- !u!4 &6263402644328094390
Transform:
  m_ObjectHideFlags: 0
  m_CorrespondingSourceObject: {fileID: 0}
  m_PrefabInstance: {fileID: 0}
  m_PrefabAsset: {fileID: 0}
  m_GameObject: {fileID: 6263402644328094385}
  m_LocalRotation: {x: 0, y: 0, z: 0, w: 1}
  m_LocalPosition: {x: 3.54, y: -2.283, z: 6.921}
  m_LocalScale: {x: 1, y: 1, z: 1}
  m_Children:
  - {fileID: 5172388667974605555}
  - {fileID: 3946778001776742832}
  - {fileID: 3946778003745574489}
  - {fileID: 3946778003226351385}
  - {fileID: 3946778003597107275}
  - {fileID: 3946778001986024679}
  - {fileID: 3946778002081738533}
  m_Father: {fileID: 0}
  m_RootOrder: 0
  m_LocalEulerAnglesHint: {x: 0, y: 0, z: 0}
--- !u!1001 &2873809198421144892
PrefabInstance:
  m_ObjectHideFlags: 0
  serializedVersion: 2
  m_Modification:
    m_TransformParent: {fileID: 6263402644328094390}
    m_Modifications:
    - target: {fileID: 7616654038484284065, guid: 9c9177f63bc230b439147dfdaf2475c0,
        type: 3}
      propertyPath: m_Name
      value: additional_gold
      objectReference: {fileID: 0}
    - target: {fileID: 6929304984589021135, guid: 9c9177f63bc230b439147dfdaf2475c0,
        type: 3}
      propertyPath: m_LocalPosition.x
      value: 0.06999993
      objectReference: {fileID: 0}
    - target: {fileID: 6929304984589021135, guid: 9c9177f63bc230b439147dfdaf2475c0,
        type: 3}
      propertyPath: m_LocalPosition.y
      value: -0.032999992
      objectReference: {fileID: 0}
    - target: {fileID: 6929304984589021135, guid: 9c9177f63bc230b439147dfdaf2475c0,
        type: 3}
      propertyPath: m_LocalPosition.z
      value: -0.109000206
      objectReference: {fileID: 0}
    - target: {fileID: 6929304984589021135, guid: 9c9177f63bc230b439147dfdaf2475c0,
        type: 3}
      propertyPath: m_LocalRotation.x
      value: -0
      objectReference: {fileID: 0}
    - target: {fileID: 6929304984589021135, guid: 9c9177f63bc230b439147dfdaf2475c0,
        type: 3}
      propertyPath: m_LocalRotation.y
      value: -0
      objectReference: {fileID: 0}
    - target: {fileID: 6929304984589021135, guid: 9c9177f63bc230b439147dfdaf2475c0,
        type: 3}
      propertyPath: m_LocalRotation.z
      value: -0.7602805
      objectReference: {fileID: 0}
    - target: {fileID: 6929304984589021135, guid: 9c9177f63bc230b439147dfdaf2475c0,
        type: 3}
      propertyPath: m_LocalRotation.w
      value: 0.64959496
      objectReference: {fileID: 0}
    - target: {fileID: 6929304984589021135, guid: 9c9177f63bc230b439147dfdaf2475c0,
        type: 3}
      propertyPath: m_RootOrder
      value: 0
      objectReference: {fileID: 0}
    - target: {fileID: 6929304984589021135, guid: 9c9177f63bc230b439147dfdaf2475c0,
        type: 3}
      propertyPath: m_LocalEulerAnglesHint.x
      value: 0
      objectReference: {fileID: 0}
    - target: {fileID: 6929304984589021135, guid: 9c9177f63bc230b439147dfdaf2475c0,
        type: 3}
      propertyPath: m_LocalEulerAnglesHint.y
      value: 0
      objectReference: {fileID: 0}
    - target: {fileID: 6929304984589021135, guid: 9c9177f63bc230b439147dfdaf2475c0,
        type: 3}
      propertyPath: m_LocalEulerAnglesHint.z
      value: -98.978004
      objectReference: {fileID: 0}
    - target: {fileID: 6929304984589021135, guid: 9c9177f63bc230b439147dfdaf2475c0,
        type: 3}
      propertyPath: m_LocalScale.x
      value: 0.44178
      objectReference: {fileID: 0}
    - target: {fileID: 6929304984589021135, guid: 9c9177f63bc230b439147dfdaf2475c0,
        type: 3}
      propertyPath: m_LocalScale.y
      value: 0.30000007
      objectReference: {fileID: 0}
    - target: {fileID: 6929304984589021135, guid: 9c9177f63bc230b439147dfdaf2475c0,
        type: 3}
      propertyPath: m_LocalScale.z
      value: 0.3
      objectReference: {fileID: 0}
    m_RemovedComponents: []
  m_SourcePrefab: {fileID: 100100000, guid: 9c9177f63bc230b439147dfdaf2475c0, type: 3}
--- !u!4 &5172388667974605555 stripped
Transform:
  m_CorrespondingSourceObject: {fileID: 6929304984589021135, guid: 9c9177f63bc230b439147dfdaf2475c0,
    type: 3}
  m_PrefabInstance: {fileID: 2873809198421144892}
  m_PrefabAsset: {fileID: 0}
--- !u!1001 &6263402644287471231
PrefabInstance:
  m_ObjectHideFlags: 0
  serializedVersion: 2
  m_Modification:
    m_TransformParent: {fileID: 6263402644328094390}
    m_Modifications:
    - target: {fileID: 7616654038484284065, guid: 9c9177f63bc230b439147dfdaf2475c0,
        type: 3}
      propertyPath: m_Name
      value: additional_gold (1)
      objectReference: {fileID: 0}
    - target: {fileID: 6929304984589021135, guid: 9c9177f63bc230b439147dfdaf2475c0,
        type: 3}
      propertyPath: m_LocalPosition.x
      value: 0.06999993
      objectReference: {fileID: 0}
    - target: {fileID: 6929304984589021135, guid: 9c9177f63bc230b439147dfdaf2475c0,
        type: 3}
      propertyPath: m_LocalPosition.y
      value: -0.032999992
      objectReference: {fileID: 0}
    - target: {fileID: 6929304984589021135, guid: 9c9177f63bc230b439147dfdaf2475c0,
        type: 3}
      propertyPath: m_LocalPosition.z
      value: -0.263
      objectReference: {fileID: 0}
    - target: {fileID: 6929304984589021135, guid: 9c9177f63bc230b439147dfdaf2475c0,
        type: 3}
      propertyPath: m_LocalRotation.x
      value: -0
      objectReference: {fileID: 0}
    - target: {fileID: 6929304984589021135, guid: 9c9177f63bc230b439147dfdaf2475c0,
        type: 3}
      propertyPath: m_LocalRotation.y
      value: -0
      objectReference: {fileID: 0}
    - target: {fileID: 6929304984589021135, guid: 9c9177f63bc230b439147dfdaf2475c0,
        type: 3}
      propertyPath: m_LocalRotation.z
      value: -0.7602805
      objectReference: {fileID: 0}
    - target: {fileID: 6929304984589021135, guid: 9c9177f63bc230b439147dfdaf2475c0,
        type: 3}
      propertyPath: m_LocalRotation.w
      value: 0.64959496
      objectReference: {fileID: 0}
    - target: {fileID: 6929304984589021135, guid: 9c9177f63bc230b439147dfdaf2475c0,
        type: 3}
      propertyPath: m_RootOrder
      value: 1
      objectReference: {fileID: 0}
    - target: {fileID: 6929304984589021135, guid: 9c9177f63bc230b439147dfdaf2475c0,
        type: 3}
      propertyPath: m_LocalEulerAnglesHint.x
      value: 0
      objectReference: {fileID: 0}
    - target: {fileID: 6929304984589021135, guid: 9c9177f63bc230b439147dfdaf2475c0,
        type: 3}
      propertyPath: m_LocalEulerAnglesHint.y
      value: 0
      objectReference: {fileID: 0}
    - target: {fileID: 6929304984589021135, guid: 9c9177f63bc230b439147dfdaf2475c0,
        type: 3}
      propertyPath: m_LocalEulerAnglesHint.z
      value: -98.978004
      objectReference: {fileID: 0}
    - target: {fileID: 6929304984589021135, guid: 9c9177f63bc230b439147dfdaf2475c0,
        type: 3}
      propertyPath: m_LocalScale.x
      value: 0.30000007
      objectReference: {fileID: 0}
    - target: {fileID: 6929304984589021135, guid: 9c9177f63bc230b439147dfdaf2475c0,
        type: 3}
      propertyPath: m_LocalScale.y
      value: 0.30000007
      objectReference: {fileID: 0}
    - target: {fileID: 6929304984589021135, guid: 9c9177f63bc230b439147dfdaf2475c0,
        type: 3}
      propertyPath: m_LocalScale.z
      value: 0.39762002
      objectReference: {fileID: 0}
    m_RemovedComponents: []
  m_SourcePrefab: {fileID: 100100000, guid: 9c9177f63bc230b439147dfdaf2475c0, type: 3}
--- !u!4 &3946778001776742832 stripped
Transform:
  m_CorrespondingSourceObject: {fileID: 6929304984589021135, guid: 9c9177f63bc230b439147dfdaf2475c0,
    type: 3}
  m_PrefabInstance: {fileID: 6263402644287471231}
  m_PrefabAsset: {fileID: 0}
--- !u!1001 &6263402644479826728
PrefabInstance:
  m_ObjectHideFlags: 0
  serializedVersion: 2
  m_Modification:
    m_TransformParent: {fileID: 6263402644328094390}
    m_Modifications:
    - target: {fileID: 7616654038484284065, guid: 9c9177f63bc230b439147dfdaf2475c0,
        type: 3}
      propertyPath: m_Name
      value: additional_gold (5)
      objectReference: {fileID: 0}
    - target: {fileID: 6929304984589021135, guid: 9c9177f63bc230b439147dfdaf2475c0,
        type: 3}
      propertyPath: m_LocalPosition.x
      value: -0.20799994
      objectReference: {fileID: 0}
    - target: {fileID: 6929304984589021135, guid: 9c9177f63bc230b439147dfdaf2475c0,
        type: 3}
      propertyPath: m_LocalPosition.y
      value: 0.010999918
      objectReference: {fileID: 0}
    - target: {fileID: 6929304984589021135, guid: 9c9177f63bc230b439147dfdaf2475c0,
        type: 3}
      propertyPath: m_LocalPosition.z
      value: 0.16599989
      objectReference: {fileID: 0}
    - target: {fileID: 6929304984589021135, guid: 9c9177f63bc230b439147dfdaf2475c0,
        type: 3}
      propertyPath: m_LocalRotation.x
      value: -0
      objectReference: {fileID: 0}
    - target: {fileID: 6929304984589021135, guid: 9c9177f63bc230b439147dfdaf2475c0,
        type: 3}
      propertyPath: m_LocalRotation.y
      value: -0
      objectReference: {fileID: 0}
    - target: {fileID: 6929304984589021135, guid: 9c9177f63bc230b439147dfdaf2475c0,
        type: 3}
      propertyPath: m_LocalRotation.z
      value: -0.7602805
      objectReference: {fileID: 0}
    - target: {fileID: 6929304984589021135, guid: 9c9177f63bc230b439147dfdaf2475c0,
        type: 3}
      propertyPath: m_LocalRotation.w
      value: 0.64959496
      objectReference: {fileID: 0}
    - target: {fileID: 6929304984589021135, guid: 9c9177f63bc230b439147dfdaf2475c0,
        type: 3}
      propertyPath: m_RootOrder
      value: 5
      objectReference: {fileID: 0}
    - target: {fileID: 6929304984589021135, guid: 9c9177f63bc230b439147dfdaf2475c0,
        type: 3}
      propertyPath: m_LocalEulerAnglesHint.x
      value: 0
      objectReference: {fileID: 0}
    - target: {fileID: 6929304984589021135, guid: 9c9177f63bc230b439147dfdaf2475c0,
        type: 3}
      propertyPath: m_LocalEulerAnglesHint.y
      value: 0
      objectReference: {fileID: 0}
    - target: {fileID: 6929304984589021135, guid: 9c9177f63bc230b439147dfdaf2475c0,
        type: 3}
      propertyPath: m_LocalEulerAnglesHint.z
      value: -98.978004
      objectReference: {fileID: 0}
    - target: {fileID: 6929304984589021135, guid: 9c9177f63bc230b439147dfdaf2475c0,
        type: 3}
      propertyPath: m_LocalScale.x
      value: 0.30000007
      objectReference: {fileID: 0}
    - target: {fileID: 6929304984589021135, guid: 9c9177f63bc230b439147dfdaf2475c0,
        type: 3}
      propertyPath: m_LocalScale.y
      value: 0.30000007
      objectReference: {fileID: 0}
    - target: {fileID: 6929304984589021135, guid: 9c9177f63bc230b439147dfdaf2475c0,
        type: 3}
      propertyPath: m_LocalScale.z
      value: 0.3
      objectReference: {fileID: 0}
    m_RemovedComponents: []
  m_SourcePrefab: {fileID: 100100000, guid: 9c9177f63bc230b439147dfdaf2475c0, type: 3}
--- !u!4 &3946778001986024679 stripped
Transform:
  m_CorrespondingSourceObject: {fileID: 6929304984589021135, guid: 9c9177f63bc230b439147dfdaf2475c0,
    type: 3}
  m_PrefabInstance: {fileID: 6263402644479826728}
  m_PrefabAsset: {fileID: 0}
--- !u!1001 &6263402644651229418
PrefabInstance:
  m_ObjectHideFlags: 0
  serializedVersion: 2
  m_Modification:
    m_TransformParent: {fileID: 6263402644328094390}
    m_Modifications:
    - target: {fileID: 7616654038484284065, guid: 9c9177f63bc230b439147dfdaf2475c0,
        type: 3}
      propertyPath: m_Name
      value: additional_gold (6)
      objectReference: {fileID: 0}
    - target: {fileID: 6929304984589021135, guid: 9c9177f63bc230b439147dfdaf2475c0,
        type: 3}
      propertyPath: m_LocalPosition.x
      value: -0.05099988
      objectReference: {fileID: 0}
    - target: {fileID: 6929304984589021135, guid: 9c9177f63bc230b439147dfdaf2475c0,
        type: 3}
      propertyPath: m_LocalPosition.y
      value: -0.013999939
      objectReference: {fileID: 0}
    - target: {fileID: 6929304984589021135, guid: 9c9177f63bc230b439147dfdaf2475c0,
        type: 3}
      propertyPath: m_LocalPosition.z
      value: 0.004000187
      objectReference: {fileID: 0}
    - target: {fileID: 6929304984589021135, guid: 9c9177f63bc230b439147dfdaf2475c0,
        type: 3}
      propertyPath: m_LocalRotation.x
      value: -0
      objectReference: {fileID: 0}
    - target: {fileID: 6929304984589021135, guid: 9c9177f63bc230b439147dfdaf2475c0,
        type: 3}
      propertyPath: m_LocalRotation.y
      value: -0
      objectReference: {fileID: 0}
    - target: {fileID: 6929304984589021135, guid: 9c9177f63bc230b439147dfdaf2475c0,
        type: 3}
      propertyPath: m_LocalRotation.z
      value: -0.7602805
      objectReference: {fileID: 0}
    - target: {fileID: 6929304984589021135, guid: 9c9177f63bc230b439147dfdaf2475c0,
        type: 3}
      propertyPath: m_LocalRotation.w
      value: 0.64959496
      objectReference: {fileID: 0}
    - target: {fileID: 6929304984589021135, guid: 9c9177f63bc230b439147dfdaf2475c0,
        type: 3}
      propertyPath: m_RootOrder
      value: 6
      objectReference: {fileID: 0}
    - target: {fileID: 6929304984589021135, guid: 9c9177f63bc230b439147dfdaf2475c0,
        type: 3}
      propertyPath: m_LocalEulerAnglesHint.x
      value: 0
      objectReference: {fileID: 0}
    - target: {fileID: 6929304984589021135, guid: 9c9177f63bc230b439147dfdaf2475c0,
        type: 3}
      propertyPath: m_LocalEulerAnglesHint.y
      value: 0
      objectReference: {fileID: 0}
    - target: {fileID: 6929304984589021135, guid: 9c9177f63bc230b439147dfdaf2475c0,
        type: 3}
      propertyPath: m_LocalEulerAnglesHint.z
      value: -98.978004
      objectReference: {fileID: 0}
    - target: {fileID: 6929304984589021135, guid: 9c9177f63bc230b439147dfdaf2475c0,
        type: 3}
      propertyPath: m_LocalScale.x
      value: 0.22534756
      objectReference: {fileID: 0}
    - target: {fileID: 6929304984589021135, guid: 9c9177f63bc230b439147dfdaf2475c0,
        type: 3}
      propertyPath: m_LocalScale.y
      value: 0.153027
      objectReference: {fileID: 0}
    - target: {fileID: 6929304984589021135, guid: 9c9177f63bc230b439147dfdaf2475c0,
        type: 3}
      propertyPath: m_LocalScale.z
      value: 0.153027
      objectReference: {fileID: 0}
    m_RemovedComponents: []
  m_SourcePrefab: {fileID: 100100000, guid: 9c9177f63bc230b439147dfdaf2475c0, type: 3}
--- !u!4 &3946778002081738533 stripped
Transform:
  m_CorrespondingSourceObject: {fileID: 6929304984589021135, guid: 9c9177f63bc230b439147dfdaf2475c0,
    type: 3}
  m_PrefabInstance: {fileID: 6263402644651229418}
  m_PrefabAsset: {fileID: 0}
--- !u!1001 &6263402645017235332
PrefabInstance:
  m_ObjectHideFlags: 0
  serializedVersion: 2
  m_Modification:
    m_TransformParent: {fileID: 6263402644328094390}
    m_Modifications:
    - target: {fileID: 7616654038484284065, guid: 9c9177f63bc230b439147dfdaf2475c0,
        type: 3}
      propertyPath: m_Name
      value: additional_gold (4)
      objectReference: {fileID: 0}
    - target: {fileID: 6929304984589021135, guid: 9c9177f63bc230b439147dfdaf2475c0,
        type: 3}
      propertyPath: m_LocalPosition.x
      value: -0.2119999
      objectReference: {fileID: 0}
    - target: {fileID: 6929304984589021135, guid: 9c9177f63bc230b439147dfdaf2475c0,
        type: 3}
      propertyPath: m_LocalPosition.y
      value: -0.015000105
      objectReference: {fileID: 0}
    - target: {fileID: 6929304984589021135, guid: 9c9177f63bc230b439147dfdaf2475c0,
        type: 3}
      propertyPath: m_LocalPosition.z
      value: 0.16599989
      objectReference: {fileID: 0}
    - target: {fileID: 6929304984589021135, guid: 9c9177f63bc230b439147dfdaf2475c0,
        type: 3}
      propertyPath: m_LocalRotation.x
      value: -0.10610774
      objectReference: {fileID: 0}
    - target: {fileID: 6929304984589021135, guid: 9c9177f63bc230b439147dfdaf2475c0,
        type: 3}
      propertyPath: m_LocalRotation.y
      value: -0.024529142
      objectReference: {fileID: 0}
    - target: {fileID: 6929304984589021135, guid: 9c9177f63bc230b439147dfdaf2475c0,
        type: 3}
      propertyPath: m_LocalRotation.z
      value: -0.9217055
      objectReference: {fileID: 0}
    - target: {fileID: 6929304984589021135, guid: 9c9177f63bc230b439147dfdaf2475c0,
        type: 3}
      propertyPath: m_LocalRotation.w
      value: -0.3722882
      objectReference: {fileID: 0}
    - target: {fileID: 6929304984589021135, guid: 9c9177f63bc230b439147dfdaf2475c0,
        type: 3}
      propertyPath: m_RootOrder
      value: 4
      objectReference: {fileID: 0}
    - target: {fileID: 6929304984589021135, guid: 9c9177f63bc230b439147dfdaf2475c0,
        type: 3}
      propertyPath: m_LocalEulerAnglesHint.x
      value: 1.9360001
      objectReference: {fileID: 0}
    - target: {fileID: 6929304984589021135, guid: 9c9177f63bc230b439147dfdaf2475c0,
        type: 3}
      propertyPath: m_LocalEulerAnglesHint.y
      value: 12.356001
      objectReference: {fileID: 0}
    - target: {fileID: 6929304984589021135, guid: 9c9177f63bc230b439147dfdaf2475c0,
        type: 3}
      propertyPath: m_LocalEulerAnglesHint.z
      value: -223.77899
      objectReference: {fileID: 0}
    - target: {fileID: 6929304984589021135, guid: 9c9177f63bc230b439147dfdaf2475c0,
        type: 3}
      propertyPath: m_LocalScale.x
      value: 0.39912003
      objectReference: {fileID: 0}
    - target: {fileID: 6929304984589021135, guid: 9c9177f63bc230b439147dfdaf2475c0,
        type: 3}
      propertyPath: m_LocalScale.y
      value: 0.3991201
      objectReference: {fileID: 0}
    - target: {fileID: 6929304984589021135, guid: 9c9177f63bc230b439147dfdaf2475c0,
        type: 3}
      propertyPath: m_LocalScale.z
      value: 0.39912006
      objectReference: {fileID: 0}
    m_RemovedComponents: []
  m_SourcePrefab: {fileID: 100100000, guid: 9c9177f63bc230b439147dfdaf2475c0, type: 3}
--- !u!4 &3946778003597107275 stripped
Transform:
  m_CorrespondingSourceObject: {fileID: 6929304984589021135, guid: 9c9177f63bc230b439147dfdaf2475c0,
    type: 3}
  m_PrefabInstance: {fileID: 6263402645017235332}
  m_PrefabAsset: {fileID: 0}
--- !u!1001 &6263402645232361878
PrefabInstance:
  m_ObjectHideFlags: 0
  serializedVersion: 2
  m_Modification:
    m_TransformParent: {fileID: 6263402644328094390}
    m_Modifications:
    - target: {fileID: 7616654038484284065, guid: 9c9177f63bc230b439147dfdaf2475c0,
        type: 3}
      propertyPath: m_Name
      value: additional_gold (2)
      objectReference: {fileID: 0}
    - target: {fileID: 6929304984589021135, guid: 9c9177f63bc230b439147dfdaf2475c0,
        type: 3}
      propertyPath: m_LocalPosition.x
      value: -0.08800006
      objectReference: {fileID: 0}
    - target: {fileID: 6929304984589021135, guid: 9c9177f63bc230b439147dfdaf2475c0,
        type: 3}
      propertyPath: m_LocalPosition.y
      value: -0.007999897
      objectReference: {fileID: 0}
    - target: {fileID: 6929304984589021135, guid: 9c9177f63bc230b439147dfdaf2475c0,
        type: 3}
      propertyPath: m_LocalPosition.z
      value: -0.15500021
      objectReference: {fileID: 0}
    - target: {fileID: 6929304984589021135, guid: 9c9177f63bc230b439147dfdaf2475c0,
        type: 3}
      propertyPath: m_LocalRotation.x
      value: -0.4721494
      objectReference: {fileID: 0}
    - target: {fileID: 6929304984589021135, guid: 9c9177f63bc230b439147dfdaf2475c0,
        type: 3}
      propertyPath: m_LocalRotation.y
      value: 0.55259967
      objectReference: {fileID: 0}
    - target: {fileID: 6929304984589021135, guid: 9c9177f63bc230b439147dfdaf2475c0,
        type: 3}
      propertyPath: m_LocalRotation.z
      value: -0.5221685
      objectReference: {fileID: 0}
    - target: {fileID: 6929304984589021135, guid: 9c9177f63bc230b439147dfdaf2475c0,
        type: 3}
      propertyPath: m_LocalRotation.w
      value: 0.44614863
      objectReference: {fileID: 0}
    - target: {fileID: 6929304984589021135, guid: 9c9177f63bc230b439147dfdaf2475c0,
        type: 3}
      propertyPath: m_RootOrder
      value: 2
      objectReference: {fileID: 0}
    - target: {fileID: 6929304984589021135, guid: 9c9177f63bc230b439147dfdaf2475c0,
        type: 3}
      propertyPath: m_LocalEulerAnglesHint.x
      value: 8.963
      objectReference: {fileID: 0}
    - target: {fileID: 6929304984589021135, guid: 9c9177f63bc230b439147dfdaf2475c0,
        type: 3}
      propertyPath: m_LocalEulerAnglesHint.y
      value: 93.284004
      objectReference: {fileID: 0}
    - target: {fileID: 6929304984589021135, guid: 9c9177f63bc230b439147dfdaf2475c0,
        type: 3}
      propertyPath: m_LocalEulerAnglesHint.z
      value: -89.48801
      objectReference: {fileID: 0}
    - target: {fileID: 6929304984589021135, guid: 9c9177f63bc230b439147dfdaf2475c0,
        type: 3}
      propertyPath: m_LocalScale.x
      value: 0.30000007
      objectReference: {fileID: 0}
    - target: {fileID: 6929304984589021135, guid: 9c9177f63bc230b439147dfdaf2475c0,
        type: 3}
      propertyPath: m_LocalScale.y
      value: 0.123063006
      objectReference: {fileID: 0}
    - target: {fileID: 6929304984589021135, guid: 9c9177f63bc230b439147dfdaf2475c0,
        type: 3}
      propertyPath: m_LocalScale.z
      value: 0.3
      objectReference: {fileID: 0}
    m_RemovedComponents: []
  m_SourcePrefab: {fileID: 100100000, guid: 9c9177f63bc230b439147dfdaf2475c0, type: 3}
--- !u!4 &3946778003745574489 stripped
Transform:
  m_CorrespondingSourceObject: {fileID: 6929304984589021135, guid: 9c9177f63bc230b439147dfdaf2475c0,
    type: 3}
  m_PrefabInstance: {fileID: 6263402645232361878}
  m_PrefabAsset: {fileID: 0}
--- !u!1001 &6263402645787277526
PrefabInstance:
  m_ObjectHideFlags: 0
  serializedVersion: 2
  m_Modification:
    m_TransformParent: {fileID: 6263402644328094390}
    m_Modifications:
    - target: {fileID: 7616654038484284065, guid: 9c9177f63bc230b439147dfdaf2475c0,
        type: 3}
      propertyPath: m_Name
      value: additional_gold (3)
      objectReference: {fileID: 0}
    - target: {fileID: 6929304984589021135, guid: 9c9177f63bc230b439147dfdaf2475c0,
        type: 3}
      propertyPath: m_LocalPosition.x
      value: 0.09200001
      objectReference: {fileID: 0}
    - target: {fileID: 6929304984589021135, guid: 9c9177f63bc230b439147dfdaf2475c0,
        type: 3}
      propertyPath: m_LocalPosition.y
      value: -0.036000013
      objectReference: {fileID: 0}
    - target: {fileID: 6929304984589021135, guid: 9c9177f63bc230b439147dfdaf2475c0,
        type: 3}
      propertyPath: m_LocalPosition.z
      value: 0.092999935
      objectReference: {fileID: 0}
    - target: {fileID: 6929304984589021135, guid: 9c9177f63bc230b439147dfdaf2475c0,
        type: 3}
      propertyPath: m_LocalRotation.x
      value: -0.07970097
      objectReference: {fileID: 0}
    - target: {fileID: 6929304984589021135, guid: 9c9177f63bc230b439147dfdaf2475c0,
        type: 3}
      propertyPath: m_LocalRotation.y
      value: -0.78976136
      objectReference: {fileID: 0}
    - target: {fileID: 6929304984589021135, guid: 9c9177f63bc230b439147dfdaf2475c0,
        type: 3}
      propertyPath: m_LocalRotation.z
      value: -0.034112554
      objectReference: {fileID: 0}
    - target: {fileID: 6929304984589021135, guid: 9c9177f63bc230b439147dfdaf2475c0,
        type: 3}
      propertyPath: m_LocalRotation.w
      value: 0.60725707
      objectReference: {fileID: 0}
    - target: {fileID: 6929304984589021135, guid: 9c9177f63bc230b439147dfdaf2475c0,
        type: 3}
      propertyPath: m_RootOrder
      value: 3
      objectReference: {fileID: 0}
    - target: {fileID: 6929304984589021135, guid: 9c9177f63bc230b439147dfdaf2475c0,
        type: 3}
      propertyPath: m_LocalEulerAnglesHint.x
      value: -8.666
      objectReference: {fileID: 0}
    - target: {fileID: 6929304984589021135, guid: 9c9177f63bc230b439147dfdaf2475c0,
        type: 3}
      propertyPath: m_LocalEulerAnglesHint.y
      value: -105.257
      objectReference: {fileID: 0}
    - target: {fileID: 6929304984589021135, guid: 9c9177f63bc230b439147dfdaf2475c0,
        type: 3}
      propertyPath: m_LocalEulerAnglesHint.z
      value: 4.901
      objectReference: {fileID: 0}
    - target: {fileID: 6929304984589021135, guid: 9c9177f63bc230b439147dfdaf2475c0,
        type: 3}
      propertyPath: m_LocalScale.x
      value: 0.5255703
      objectReference: {fileID: 0}
    - target: {fileID: 6929304984589021135, guid: 9c9177f63bc230b439147dfdaf2475c0,
        type: 3}
      propertyPath: m_LocalScale.y
      value: 0.3
      objectReference: {fileID: 0}
    - target: {fileID: 6929304984589021135, guid: 9c9177f63bc230b439147dfdaf2475c0,
        type: 3}
      propertyPath: m_LocalScale.z
      value: 0.30000013
      objectReference: {fileID: 0}
    m_RemovedComponents: []
  m_SourcePrefab: {fileID: 100100000, guid: 9c9177f63bc230b439147dfdaf2475c0, type: 3}
--- !u!4 &3946778003226351385 stripped
Transform:
  m_CorrespondingSourceObject: {fileID: 6929304984589021135, guid: 9c9177f63bc230b439147dfdaf2475c0,
    type: 3}
  m_PrefabInstance: {fileID: 6263402645787277526}
  m_PrefabAsset: {fileID: 0}
