%YAML 1.1
%TAG !u! tag:unity3d.com,2011:
--- !u!29 &1
OcclusionCullingSettings:
  m_ObjectHideFlags: 0
  serializedVersion: 2
  m_OcclusionBakeSettings:
    smallestOccluder: 5
    smallestHole: 0.25
    backfaceThreshold: 100
  m_SceneGUID: 00000000000000000000000000000000
  m_OcclusionCullingData: {fileID: 0}
--- !u!104 &2
RenderSettings:
  m_ObjectHideFlags: 0
  serializedVersion: 9
  m_Fog: 0
  m_FogColor: {r: 0.5, g: 0.5, b: 0.5, a: 1}
  m_FogMode: 3
  m_FogDensity: 0.01
  m_LinearFogStart: 0
  m_LinearFogEnd: 300
  m_AmbientSkyColor: {r: 1, g: 0.52156866, b: 0, a: 1}
  m_AmbientEquatorColor: {r: 1.6627451, g: 0.22745098, b: 1.372549, a: 1}
  m_AmbientGroundColor: {r: 1.2078432, g: 0, b: 0.8235294, a: 1}
  m_AmbientIntensity: 0
  m_AmbientMode: 3
  m_SubtractiveShadowColor: {r: 0.42, g: 0.478, b: 0.627, a: 1}
  m_SkyboxMaterial: {fileID: 0}
  m_HaloStrength: 0.5
  m_FlareStrength: 1
  m_FlareFadeSpeed: 3
  m_HaloTexture: {fileID: 0}
  m_SpotCookie: {fileID: 10001, guid: 0000000000000000e000000000000000, type: 0}
  m_DefaultReflectionMode: 0
  m_DefaultReflectionResolution: 128
  m_ReflectionBounces: 1
  m_ReflectionIntensity: 0
  m_CustomReflection: {fileID: 0}
  m_Sun: {fileID: 0}
  m_IndirectSpecularColor: {r: 0, g: 0, b: 0, a: 1}
  m_UseRadianceAmbientProbe: 0
--- !u!157 &3
LightmapSettings:
  m_ObjectHideFlags: 0
  serializedVersion: 11
  m_GIWorkflowMode: 1
  m_GISettings:
    serializedVersion: 2
    m_BounceScale: 1
    m_IndirectOutputScale: 1
    m_AlbedoBoost: 1
    m_EnvironmentLightingMode: 0
    m_EnableBakedLightmaps: 0
    m_EnableRealtimeLightmaps: 1
  m_LightmapEditorSettings:
    serializedVersion: 10
    m_Resolution: 2
    m_BakeResolution: 40
    m_AtlasSize: 1024
    m_AO: 0
    m_AOMaxDistance: 1
    m_CompAOExponent: 1
    m_CompAOExponentDirect: 0
    m_Padding: 2
    m_LightmapParameters: {fileID: 0}
    m_LightmapsBakeMode: 1
    m_TextureCompression: 1
    m_FinalGather: 0
    m_FinalGatherFiltering: 1
    m_FinalGatherRayCount: 256
    m_ReflectionCompression: 2
    m_MixedBakeMode: 2
    m_BakeBackend: 1
    m_PVRSampling: 1
    m_PVRDirectSampleCount: 32
    m_PVRSampleCount: 500
    m_PVRBounces: 2
    m_PVRFilterTypeDirect: 0
    m_PVRFilterTypeIndirect: 0
    m_PVRFilterTypeAO: 0
    m_PVRFilteringMode: 1
    m_PVRCulling: 1
    m_PVRFilteringGaussRadiusDirect: 1
    m_PVRFilteringGaussRadiusIndirect: 5
    m_PVRFilteringGaussRadiusAO: 2
    m_PVRFilteringAtrousPositionSigmaDirect: 0.5
    m_PVRFilteringAtrousPositionSigmaIndirect: 2
    m_PVRFilteringAtrousPositionSigmaAO: 1
    m_ShowResolutionOverlay: 1
  m_LightingDataAsset: {fileID: 112000000, guid: 8f8a17abfdb489a4e8a26bf5c1da106e,
    type: 2}
  m_UseShadowmask: 1
--- !u!196 &4
NavMeshSettings:
  serializedVersion: 2
  m_ObjectHideFlags: 0
  m_BuildSettings:
    serializedVersion: 2
    agentTypeID: 0
    agentRadius: 0.5
    agentHeight: 2
    agentSlope: 45
    agentClimb: 0.4
    ledgeDropHeight: 0
    maxJumpAcrossDistance: 0
    minRegionArea: 2
    manualCellSize: 0
    cellSize: 0.16666667
    manualTileSize: 0
    tileSize: 256
    accuratePlacement: 0
    debug:
      m_Flags: 0
  m_NavMeshData: {fileID: 0}
--- !u!20 &9130714 stripped
Camera:
  m_CorrespondingSourceObject: {fileID: 20155940112608238, guid: 205da4a5f32b3dc4eace68a91d59ccf5,
    type: 3}
  m_PrefabInstance: {fileID: 1124442320}
  m_PrefabAsset: {fileID: 0}
--- !u!1001 &79859040
PrefabInstance:
  m_ObjectHideFlags: 0
  serializedVersion: 2
  m_Modification:
    m_TransformParent: {fileID: 0}
    m_Modifications:
    - target: {fileID: 5369275805574918181, guid: 57e859b6003916042af8425b8a08f0d9,
        type: 3}
      propertyPath: m_Name
      value: IslandTestCanvas
      objectReference: {fileID: 0}
    - target: {fileID: 5369275805574918169, guid: 57e859b6003916042af8425b8a08f0d9,
        type: 3}
      propertyPath: m_LocalPosition.x
      value: 0
      objectReference: {fileID: 0}
    - target: {fileID: 5369275805574918169, guid: 57e859b6003916042af8425b8a08f0d9,
        type: 3}
      propertyPath: m_LocalPosition.y
      value: 0
      objectReference: {fileID: 0}
    - target: {fileID: 5369275805574918169, guid: 57e859b6003916042af8425b8a08f0d9,
        type: 3}
      propertyPath: m_LocalPosition.z
      value: 0
      objectReference: {fileID: 0}
    - target: {fileID: 5369275805574918169, guid: 57e859b6003916042af8425b8a08f0d9,
        type: 3}
      propertyPath: m_LocalRotation.x
      value: 0
      objectReference: {fileID: 0}
    - target: {fileID: 5369275805574918169, guid: 57e859b6003916042af8425b8a08f0d9,
        type: 3}
      propertyPath: m_LocalRotation.y
      value: 0
      objectReference: {fileID: 0}
    - target: {fileID: 5369275805574918169, guid: 57e859b6003916042af8425b8a08f0d9,
        type: 3}
      propertyPath: m_LocalRotation.z
      value: 0
      objectReference: {fileID: 0}
    - target: {fileID: 5369275805574918169, guid: 57e859b6003916042af8425b8a08f0d9,
        type: 3}
      propertyPath: m_LocalRotation.w
      value: 1
      objectReference: {fileID: 0}
    - target: {fileID: 5369275805574918169, guid: 57e859b6003916042af8425b8a08f0d9,
        type: 3}
      propertyPath: m_RootOrder
      value: 8
      objectReference: {fileID: 0}
    - target: {fileID: 5369275805574918169, guid: 57e859b6003916042af8425b8a08f0d9,
        type: 3}
      propertyPath: m_LocalEulerAnglesHint.x
      value: 0
      objectReference: {fileID: 0}
    - target: {fileID: 5369275805574918169, guid: 57e859b6003916042af8425b8a08f0d9,
        type: 3}
      propertyPath: m_LocalEulerAnglesHint.y
      value: 0
      objectReference: {fileID: 0}
    - target: {fileID: 5369275805574918169, guid: 57e859b6003916042af8425b8a08f0d9,
        type: 3}
      propertyPath: m_LocalEulerAnglesHint.z
      value: 0
      objectReference: {fileID: 0}
    - target: {fileID: 5369275805574918169, guid: 57e859b6003916042af8425b8a08f0d9,
        type: 3}
      propertyPath: m_AnchoredPosition.x
      value: 0
      objectReference: {fileID: 0}
    - target: {fileID: 5369275805574918169, guid: 57e859b6003916042af8425b8a08f0d9,
        type: 3}
      propertyPath: m_AnchoredPosition.y
      value: 0
      objectReference: {fileID: 0}
    - target: {fileID: 5369275805574918169, guid: 57e859b6003916042af8425b8a08f0d9,
        type: 3}
      propertyPath: m_SizeDelta.x
      value: 0
      objectReference: {fileID: 0}
    - target: {fileID: 5369275805574918169, guid: 57e859b6003916042af8425b8a08f0d9,
        type: 3}
      propertyPath: m_SizeDelta.y
      value: 0
      objectReference: {fileID: 0}
    - target: {fileID: 5369275805574918169, guid: 57e859b6003916042af8425b8a08f0d9,
        type: 3}
      propertyPath: m_AnchorMin.x
      value: 0
      objectReference: {fileID: 0}
    - target: {fileID: 5369275805574918169, guid: 57e859b6003916042af8425b8a08f0d9,
        type: 3}
      propertyPath: m_AnchorMin.y
      value: 0
      objectReference: {fileID: 0}
    - target: {fileID: 5369275805574918169, guid: 57e859b6003916042af8425b8a08f0d9,
        type: 3}
      propertyPath: m_AnchorMax.x
      value: 0
      objectReference: {fileID: 0}
    - target: {fileID: 5369275805574918169, guid: 57e859b6003916042af8425b8a08f0d9,
        type: 3}
      propertyPath: m_AnchorMax.y
      value: 0
      objectReference: {fileID: 0}
    - target: {fileID: 5369275805574918169, guid: 57e859b6003916042af8425b8a08f0d9,
        type: 3}
      propertyPath: m_Pivot.x
      value: 0
      objectReference: {fileID: 0}
    - target: {fileID: 5369275805574918169, guid: 57e859b6003916042af8425b8a08f0d9,
        type: 3}
      propertyPath: m_Pivot.y
      value: 0
      objectReference: {fileID: 0}
    - target: {fileID: 5369275805574918170, guid: 57e859b6003916042af8425b8a08f0d9,
        type: 3}
      propertyPath: m_Camera
      value: 
      objectReference: {fileID: 9130714}
    - target: {fileID: 312872166, guid: 57e859b6003916042af8425b8a08f0d9, type: 3}
      propertyPath: m_IsActive
      value: 1
      objectReference: {fileID: 0}
    m_RemovedComponents:
    - {fileID: 1197455803, guid: 57e859b6003916042af8425b8a08f0d9, type: 3}
  m_SourcePrefab: {fileID: 100100000, guid: 57e859b6003916042af8425b8a08f0d9, type: 3}
--- !u!114 &79859041 stripped
MonoBehaviour:
  m_CorrespondingSourceObject: {fileID: 312872168, guid: 57e859b6003916042af8425b8a08f0d9,
    type: 3}
  m_PrefabInstance: {fileID: 79859040}
  m_PrefabAsset: {fileID: 0}
  m_GameObject: {fileID: 280763501}
  m_Enabled: 1
  m_EditorHideFlags: 0
  m_Script: {fileID: 11500000, guid: 694deec72a962894dbad4eda3ccc48dd, type: 3}
  m_Name: 
  m_EditorClassIdentifier: 
--- !u!1001 &207093560
PrefabInstance:
  m_ObjectHideFlags: 0
  serializedVersion: 2
  m_Modification:
    m_TransformParent: {fileID: 0}
    m_Modifications:
    - target: {fileID: 8322664694158655582, guid: 193c19616d9829043ad295db92fbeade,
        type: 3}
      propertyPath: m_Name
      value: PointerTutorialCanvas
      objectReference: {fileID: 0}
    - target: {fileID: 8322664694158655571, guid: 193c19616d9829043ad295db92fbeade,
        type: 3}
      propertyPath: m_LocalPosition.x
      value: 0
      objectReference: {fileID: 0}
    - target: {fileID: 8322664694158655571, guid: 193c19616d9829043ad295db92fbeade,
        type: 3}
      propertyPath: m_LocalPosition.y
      value: 0
      objectReference: {fileID: 0}
    - target: {fileID: 8322664694158655571, guid: 193c19616d9829043ad295db92fbeade,
        type: 3}
      propertyPath: m_LocalPosition.z
      value: 0
      objectReference: {fileID: 0}
    - target: {fileID: 8322664694158655571, guid: 193c19616d9829043ad295db92fbeade,
        type: 3}
      propertyPath: m_LocalRotation.x
      value: 0
      objectReference: {fileID: 0}
    - target: {fileID: 8322664694158655571, guid: 193c19616d9829043ad295db92fbeade,
        type: 3}
      propertyPath: m_LocalRotation.y
      value: 0
      objectReference: {fileID: 0}
    - target: {fileID: 8322664694158655571, guid: 193c19616d9829043ad295db92fbeade,
        type: 3}
      propertyPath: m_LocalRotation.z
      value: 0
      objectReference: {fileID: 0}
    - target: {fileID: 8322664694158655571, guid: 193c19616d9829043ad295db92fbeade,
        type: 3}
      propertyPath: m_LocalRotation.w
      value: 1
      objectReference: {fileID: 0}
    - target: {fileID: 8322664694158655571, guid: 193c19616d9829043ad295db92fbeade,
        type: 3}
      propertyPath: m_RootOrder
      value: 12
      objectReference: {fileID: 0}
    - target: {fileID: 8322664694158655571, guid: 193c19616d9829043ad295db92fbeade,
        type: 3}
      propertyPath: m_LocalEulerAnglesHint.x
      value: 0
      objectReference: {fileID: 0}
    - target: {fileID: 8322664694158655571, guid: 193c19616d9829043ad295db92fbeade,
        type: 3}
      propertyPath: m_LocalEulerAnglesHint.y
      value: 0
      objectReference: {fileID: 0}
    - target: {fileID: 8322664694158655571, guid: 193c19616d9829043ad295db92fbeade,
        type: 3}
      propertyPath: m_LocalEulerAnglesHint.z
      value: 0
      objectReference: {fileID: 0}
    - target: {fileID: 8322664694158655571, guid: 193c19616d9829043ad295db92fbeade,
        type: 3}
      propertyPath: m_AnchoredPosition.x
      value: 0
      objectReference: {fileID: 0}
    - target: {fileID: 8322664694158655571, guid: 193c19616d9829043ad295db92fbeade,
        type: 3}
      propertyPath: m_AnchoredPosition.y
      value: 0
      objectReference: {fileID: 0}
    - target: {fileID: 8322664694158655571, guid: 193c19616d9829043ad295db92fbeade,
        type: 3}
      propertyPath: m_SizeDelta.x
      value: 0
      objectReference: {fileID: 0}
    - target: {fileID: 8322664694158655571, guid: 193c19616d9829043ad295db92fbeade,
        type: 3}
      propertyPath: m_SizeDelta.y
      value: 0
      objectReference: {fileID: 0}
    - target: {fileID: 8322664694158655571, guid: 193c19616d9829043ad295db92fbeade,
        type: 3}
      propertyPath: m_AnchorMin.x
      value: 0
      objectReference: {fileID: 0}
    - target: {fileID: 8322664694158655571, guid: 193c19616d9829043ad295db92fbeade,
        type: 3}
      propertyPath: m_AnchorMin.y
      value: 0
      objectReference: {fileID: 0}
    - target: {fileID: 8322664694158655571, guid: 193c19616d9829043ad295db92fbeade,
        type: 3}
      propertyPath: m_AnchorMax.x
      value: 0
      objectReference: {fileID: 0}
    - target: {fileID: 8322664694158655571, guid: 193c19616d9829043ad295db92fbeade,
        type: 3}
      propertyPath: m_AnchorMax.y
      value: 0
      objectReference: {fileID: 0}
    - target: {fileID: 8322664694158655571, guid: 193c19616d9829043ad295db92fbeade,
        type: 3}
      propertyPath: m_Pivot.x
      value: 0
      objectReference: {fileID: 0}
    - target: {fileID: 8322664694158655571, guid: 193c19616d9829043ad295db92fbeade,
        type: 3}
      propertyPath: m_Pivot.y
      value: 0
      objectReference: {fileID: 0}
    m_RemovedComponents: []
  m_SourcePrefab: {fileID: 100100000, guid: 193c19616d9829043ad295db92fbeade, type: 3}
--- !u!224 &211094652 stripped
RectTransform:
  m_CorrespondingSourceObject: {fileID: 549375422789548936, guid: 8ebf8858583f41e4eafa7922a1a5c526,
    type: 3}
  m_PrefabInstance: {fileID: 549375422713198580}
  m_PrefabAsset: {fileID: 0}
--- !u!1 &280763501 stripped
GameObject:
  m_CorrespondingSourceObject: {fileID: 312872166, guid: 57e859b6003916042af8425b8a08f0d9,
    type: 3}
  m_PrefabInstance: {fileID: 79859040}
  m_PrefabAsset: {fileID: 0}
--- !u!1001 &1037205643
PrefabInstance:
  m_ObjectHideFlags: 0
  serializedVersion: 2
  m_Modification:
    m_TransformParent: {fileID: 0}
    m_Modifications:
    - target: {fileID: 1354223174357263036, guid: 23f259d40b0da42449915980e576655e,
        type: 3}
      propertyPath: m_Name
      value: AudioManager
      objectReference: {fileID: 0}
    - target: {fileID: 3860155842977766355, guid: 23f259d40b0da42449915980e576655e,
        type: 3}
      propertyPath: m_LocalPosition.x
      value: 0
      objectReference: {fileID: 0}
    - target: {fileID: 3860155842977766355, guid: 23f259d40b0da42449915980e576655e,
        type: 3}
      propertyPath: m_LocalPosition.y
      value: 0
      objectReference: {fileID: 0}
    - target: {fileID: 3860155842977766355, guid: 23f259d40b0da42449915980e576655e,
        type: 3}
      propertyPath: m_LocalPosition.z
      value: 0
      objectReference: {fileID: 0}
    - target: {fileID: 3860155842977766355, guid: 23f259d40b0da42449915980e576655e,
        type: 3}
      propertyPath: m_LocalRotation.x
      value: 0
      objectReference: {fileID: 0}
    - target: {fileID: 3860155842977766355, guid: 23f259d40b0da42449915980e576655e,
        type: 3}
      propertyPath: m_LocalRotation.y
      value: 0
      objectReference: {fileID: 0}
    - target: {fileID: 3860155842977766355, guid: 23f259d40b0da42449915980e576655e,
        type: 3}
      propertyPath: m_LocalRotation.z
      value: 0
      objectReference: {fileID: 0}
    - target: {fileID: 3860155842977766355, guid: 23f259d40b0da42449915980e576655e,
        type: 3}
      propertyPath: m_LocalRotation.w
      value: 1
      objectReference: {fileID: 0}
    - target: {fileID: 3860155842977766355, guid: 23f259d40b0da42449915980e576655e,
        type: 3}
      propertyPath: m_RootOrder
      value: 10
      objectReference: {fileID: 0}
    - target: {fileID: 3860155842977766355, guid: 23f259d40b0da42449915980e576655e,
        type: 3}
      propertyPath: m_LocalEulerAnglesHint.x
      value: 0
      objectReference: {fileID: 0}
    - target: {fileID: 3860155842977766355, guid: 23f259d40b0da42449915980e576655e,
        type: 3}
      propertyPath: m_LocalEulerAnglesHint.y
      value: 0
      objectReference: {fileID: 0}
    - target: {fileID: 3860155842977766355, guid: 23f259d40b0da42449915980e576655e,
        type: 3}
      propertyPath: m_LocalEulerAnglesHint.z
      value: 0
      objectReference: {fileID: 0}
    m_RemovedComponents: []
  m_SourcePrefab: {fileID: 100100000, guid: 23f259d40b0da42449915980e576655e, type: 3}
--- !u!1001 &1057005063
PrefabInstance:
  m_ObjectHideFlags: 0
  serializedVersion: 2
  m_Modification:
    m_TransformParent: {fileID: 0}
    m_Modifications:
    - target: {fileID: 233873006903861067, guid: 476070274f74c56449662375dc330b39,
        type: 3}
      propertyPath: m_Name
      value: UI
      objectReference: {fileID: 0}
    - target: {fileID: 230987486201692107, guid: 476070274f74c56449662375dc330b39,
        type: 3}
      propertyPath: m_LocalPosition.x
      value: 0
      objectReference: {fileID: 0}
    - target: {fileID: 230987486201692107, guid: 476070274f74c56449662375dc330b39,
        type: 3}
      propertyPath: m_LocalPosition.y
      value: 0
      objectReference: {fileID: 0}
    - target: {fileID: 230987486201692107, guid: 476070274f74c56449662375dc330b39,
        type: 3}
      propertyPath: m_LocalPosition.z
      value: 0
      objectReference: {fileID: 0}
    - target: {fileID: 230987486201692107, guid: 476070274f74c56449662375dc330b39,
        type: 3}
      propertyPath: m_LocalRotation.x
      value: 0
      objectReference: {fileID: 0}
    - target: {fileID: 230987486201692107, guid: 476070274f74c56449662375dc330b39,
        type: 3}
      propertyPath: m_LocalRotation.y
      value: 0
      objectReference: {fileID: 0}
    - target: {fileID: 230987486201692107, guid: 476070274f74c56449662375dc330b39,
        type: 3}
      propertyPath: m_LocalRotation.z
      value: 0
      objectReference: {fileID: 0}
    - target: {fileID: 230987486201692107, guid: 476070274f74c56449662375dc330b39,
        type: 3}
      propertyPath: m_LocalRotation.w
      value: 1
      objectReference: {fileID: 0}
    - target: {fileID: 230987486201692107, guid: 476070274f74c56449662375dc330b39,
        type: 3}
      propertyPath: m_RootOrder
      value: 5
      objectReference: {fileID: 0}
    - target: {fileID: 230987486201692107, guid: 476070274f74c56449662375dc330b39,
        type: 3}
      propertyPath: m_LocalEulerAnglesHint.x
      value: 0
      objectReference: {fileID: 0}
    - target: {fileID: 230987486201692107, guid: 476070274f74c56449662375dc330b39,
        type: 3}
      propertyPath: m_LocalEulerAnglesHint.y
      value: 0
      objectReference: {fileID: 0}
    - target: {fileID: 230987486201692107, guid: 476070274f74c56449662375dc330b39,
        type: 3}
      propertyPath: m_LocalEulerAnglesHint.z
      value: 0
      objectReference: {fileID: 0}
    - target: {fileID: 6449345780861134230, guid: 476070274f74c56449662375dc330b39,
        type: 3}
      propertyPath: m_AnchorMin.y
      value: 0
      objectReference: {fileID: 0}
    - target: {fileID: 6449345780861134230, guid: 476070274f74c56449662375dc330b39,
        type: 3}
      propertyPath: m_AnchorMax.y
      value: 0
      objectReference: {fileID: 0}
    - target: {fileID: 6449345780861134230, guid: 476070274f74c56449662375dc330b39,
        type: 3}
      propertyPath: m_AnchoredPosition.x
      value: 0
      objectReference: {fileID: 0}
    - target: {fileID: 6449345780861134230, guid: 476070274f74c56449662375dc330b39,
        type: 3}
      propertyPath: m_AnchoredPosition.y
      value: 0
      objectReference: {fileID: 0}
    - target: {fileID: 6449345780861134230, guid: 476070274f74c56449662375dc330b39,
        type: 3}
      propertyPath: m_SizeDelta.x
      value: 0
      objectReference: {fileID: 0}
    - target: {fileID: 6449345780861134230, guid: 476070274f74c56449662375dc330b39,
        type: 3}
      propertyPath: m_SizeDelta.y
      value: 0
      objectReference: {fileID: 0}
    - target: {fileID: 3683357244161953634, guid: 476070274f74c56449662375dc330b39,
        type: 3}
      propertyPath: m_AnchorMin.y
      value: 0
      objectReference: {fileID: 0}
    - target: {fileID: 3683357244161953634, guid: 476070274f74c56449662375dc330b39,
        type: 3}
      propertyPath: m_AnchorMax.y
      value: 0
      objectReference: {fileID: 0}
    - target: {fileID: 3683357244161953634, guid: 476070274f74c56449662375dc330b39,
        type: 3}
      propertyPath: m_AnchoredPosition.x
      value: 0
      objectReference: {fileID: 0}
    - target: {fileID: 3683357244161953634, guid: 476070274f74c56449662375dc330b39,
        type: 3}
      propertyPath: m_AnchoredPosition.y
      value: 0
      objectReference: {fileID: 0}
    - target: {fileID: 3683357244161953634, guid: 476070274f74c56449662375dc330b39,
        type: 3}
      propertyPath: m_SizeDelta.x
      value: 0
      objectReference: {fileID: 0}
    - target: {fileID: 3683357244161953634, guid: 476070274f74c56449662375dc330b39,
        type: 3}
      propertyPath: m_SizeDelta.y
      value: 0
      objectReference: {fileID: 0}
    - target: {fileID: 2274882387214194515, guid: 476070274f74c56449662375dc330b39,
        type: 3}
      propertyPath: m_AnchorMin.y
      value: 0
      objectReference: {fileID: 0}
    - target: {fileID: 2274882387214194515, guid: 476070274f74c56449662375dc330b39,
        type: 3}
      propertyPath: m_AnchorMax.y
      value: 0
      objectReference: {fileID: 0}
    - target: {fileID: 2274882387214194515, guid: 476070274f74c56449662375dc330b39,
        type: 3}
      propertyPath: m_AnchoredPosition.x
      value: 0
      objectReference: {fileID: 0}
    - target: {fileID: 2274882387214194515, guid: 476070274f74c56449662375dc330b39,
        type: 3}
      propertyPath: m_AnchoredPosition.y
      value: 0
      objectReference: {fileID: 0}
    - target: {fileID: 2274882387214194515, guid: 476070274f74c56449662375dc330b39,
        type: 3}
      propertyPath: m_SizeDelta.x
      value: 0
      objectReference: {fileID: 0}
    - target: {fileID: 2274882387214194515, guid: 476070274f74c56449662375dc330b39,
        type: 3}
      propertyPath: m_SizeDelta.y
      value: 0
      objectReference: {fileID: 0}
    - target: {fileID: 8520658664813231355, guid: 476070274f74c56449662375dc330b39,
        type: 3}
      propertyPath: m_AnchorMin.y
      value: 0
      objectReference: {fileID: 0}
    - target: {fileID: 8520658664813231355, guid: 476070274f74c56449662375dc330b39,
        type: 3}
      propertyPath: m_AnchorMax.y
      value: 0
      objectReference: {fileID: 0}
    - target: {fileID: 8520658664813231355, guid: 476070274f74c56449662375dc330b39,
        type: 3}
      propertyPath: m_AnchoredPosition.x
      value: 0
      objectReference: {fileID: 0}
    - target: {fileID: 8520658664813231355, guid: 476070274f74c56449662375dc330b39,
        type: 3}
      propertyPath: m_AnchoredPosition.y
      value: 0
      objectReference: {fileID: 0}
    - target: {fileID: 8520658664813231355, guid: 476070274f74c56449662375dc330b39,
        type: 3}
      propertyPath: m_SizeDelta.x
      value: 0
      objectReference: {fileID: 0}
    - target: {fileID: 8520658664813231355, guid: 476070274f74c56449662375dc330b39,
        type: 3}
      propertyPath: m_SizeDelta.y
      value: 0
      objectReference: {fileID: 0}
    - target: {fileID: 10647583397327059, guid: 476070274f74c56449662375dc330b39,
        type: 3}
      propertyPath: m_AnchoredPosition.y
      value: 0.00028154076
      objectReference: {fileID: 0}
    - target: {fileID: 10647583397327059, guid: 476070274f74c56449662375dc330b39,
        type: 3}
      propertyPath: m_SizeDelta.y
      value: 0
      objectReference: {fileID: 0}
    - target: {fileID: 10647583397327059, guid: 476070274f74c56449662375dc330b39,
        type: 3}
      propertyPath: m_AnchoredPosition.x
      value: 984
      objectReference: {fileID: 0}
    - target: {fileID: 10561208915603477, guid: 476070274f74c56449662375dc330b39,
        type: 3}
      propertyPath: m_AnchorMax.x
      value: 0
      objectReference: {fileID: 0}
    - target: {fileID: 10561208915603477, guid: 476070274f74c56449662375dc330b39,
        type: 3}
      propertyPath: m_AnchorMax.y
      value: 0
      objectReference: {fileID: 0}
    - target: {fileID: 10561208915603477, guid: 476070274f74c56449662375dc330b39,
        type: 3}
      propertyPath: m_AnchorMin.y
      value: 0
      objectReference: {fileID: 0}
    - target: {fileID: 10791598567103317, guid: 476070274f74c56449662375dc330b39,
        type: 3}
      propertyPath: m_AnchoredPosition.y
      value: 40
      objectReference: {fileID: 0}
    - target: {fileID: 10791598567103317, guid: 476070274f74c56449662375dc330b39,
        type: 3}
      propertyPath: m_AnchoredPosition.x
      value: -38.399414
      objectReference: {fileID: 0}
    - target: {fileID: 10682383878504469, guid: 476070274f74c56449662375dc330b39,
        type: 3}
      propertyPath: m_AnchoredPosition.x
      value: -0.5
      objectReference: {fileID: 0}
    m_RemovedComponents: []
  m_SourcePrefab: {fileID: 100100000, guid: 476070274f74c56449662375dc330b39, type: 3}
--- !u!4 &1092431854 stripped
Transform:
  m_CorrespondingSourceObject: {fileID: 1118763730801324133, guid: 205da4a5f32b3dc4eace68a91d59ccf5,
    type: 3}
  m_PrefabInstance: {fileID: 1124442320}
  m_PrefabAsset: {fileID: 0}
--- !u!1001 &1124442320
PrefabInstance:
  m_ObjectHideFlags: 0
  serializedVersion: 2
  m_Modification:
    m_TransformParent: {fileID: 0}
    m_Modifications:
    - target: {fileID: 2652251526979196399, guid: 205da4a5f32b3dc4eace68a91d59ccf5,
        type: 3}
      propertyPath: m_Name
      value: GameController
      objectReference: {fileID: 0}
    - target: {fileID: 2652251526979196401, guid: 205da4a5f32b3dc4eace68a91d59ccf5,
        type: 3}
      propertyPath: m_LocalPosition.x
      value: 0
      objectReference: {fileID: 0}
    - target: {fileID: 2652251526979196401, guid: 205da4a5f32b3dc4eace68a91d59ccf5,
        type: 3}
      propertyPath: m_LocalPosition.y
      value: 0
      objectReference: {fileID: 0}
    - target: {fileID: 2652251526979196401, guid: 205da4a5f32b3dc4eace68a91d59ccf5,
        type: 3}
      propertyPath: m_LocalPosition.z
      value: 0
      objectReference: {fileID: 0}
    - target: {fileID: 2652251526979196401, guid: 205da4a5f32b3dc4eace68a91d59ccf5,
        type: 3}
      propertyPath: m_LocalRotation.x
      value: 0
      objectReference: {fileID: 0}
    - target: {fileID: 2652251526979196401, guid: 205da4a5f32b3dc4eace68a91d59ccf5,
        type: 3}
      propertyPath: m_LocalRotation.y
      value: 0
      objectReference: {fileID: 0}
    - target: {fileID: 2652251526979196401, guid: 205da4a5f32b3dc4eace68a91d59ccf5,
        type: 3}
      propertyPath: m_LocalRotation.z
      value: 0
      objectReference: {fileID: 0}
    - target: {fileID: 2652251526979196401, guid: 205da4a5f32b3dc4eace68a91d59ccf5,
        type: 3}
      propertyPath: m_LocalRotation.w
      value: 1
      objectReference: {fileID: 0}
    - target: {fileID: 2652251526979196401, guid: 205da4a5f32b3dc4eace68a91d59ccf5,
        type: 3}
      propertyPath: m_RootOrder
      value: 3
      objectReference: {fileID: 0}
    - target: {fileID: 2652251526979196401, guid: 205da4a5f32b3dc4eace68a91d59ccf5,
        type: 3}
      propertyPath: m_LocalEulerAnglesHint.x
      value: 0
      objectReference: {fileID: 0}
    - target: {fileID: 2652251526979196401, guid: 205da4a5f32b3dc4eace68a91d59ccf5,
        type: 3}
      propertyPath: m_LocalEulerAnglesHint.y
      value: 0
      objectReference: {fileID: 0}
    - target: {fileID: 2652251526979196401, guid: 205da4a5f32b3dc4eace68a91d59ccf5,
        type: 3}
      propertyPath: m_LocalEulerAnglesHint.z
      value: 0
      objectReference: {fileID: 0}
    - target: {fileID: 1759795985, guid: 205da4a5f32b3dc4eace68a91d59ccf5, type: 3}
      propertyPath: m_IsActive
      value: 0
      objectReference: {fileID: 0}
    - target: {fileID: 2652251526979196398, guid: 205da4a5f32b3dc4eace68a91d59ccf5,
        type: 3}
      propertyPath: debug
      value: 
      objectReference: {fileID: 0}
    m_RemovedComponents: []
  m_SourcePrefab: {fileID: 100100000, guid: 205da4a5f32b3dc4eace68a91d59ccf5, type: 3}
--- !u!224 &1195736762 stripped
RectTransform:
  m_CorrespondingSourceObject: {fileID: 549375421525985614, guid: 8ebf8858583f41e4eafa7922a1a5c526,
    type: 3}
  m_PrefabInstance: {fileID: 549375422713198580}
  m_PrefabAsset: {fileID: 0}
--- !u!1001 &1342634163
PrefabInstance:
  m_ObjectHideFlags: 0
  serializedVersion: 2
  m_Modification:
    m_TransformParent: {fileID: 0}
    m_Modifications:
    - target: {fileID: 5159235513772391908, guid: a74a67e028d751645ad352bf5e906c94,
        type: 3}
      propertyPath: m_Name
      value: KeyInventory
      objectReference: {fileID: 0}
    - target: {fileID: 5159235513772391910, guid: a74a67e028d751645ad352bf5e906c94,
        type: 3}
      propertyPath: m_LocalPosition.x
      value: 0
      objectReference: {fileID: 0}
    - target: {fileID: 5159235513772391910, guid: a74a67e028d751645ad352bf5e906c94,
        type: 3}
      propertyPath: m_LocalPosition.y
      value: 0
      objectReference: {fileID: 0}
    - target: {fileID: 5159235513772391910, guid: a74a67e028d751645ad352bf5e906c94,
        type: 3}
      propertyPath: m_LocalPosition.z
      value: 0
      objectReference: {fileID: 0}
    - target: {fileID: 5159235513772391910, guid: a74a67e028d751645ad352bf5e906c94,
        type: 3}
      propertyPath: m_LocalRotation.x
      value: 0
      objectReference: {fileID: 0}
    - target: {fileID: 5159235513772391910, guid: a74a67e028d751645ad352bf5e906c94,
        type: 3}
      propertyPath: m_LocalRotation.y
      value: 0
      objectReference: {fileID: 0}
    - target: {fileID: 5159235513772391910, guid: a74a67e028d751645ad352bf5e906c94,
        type: 3}
      propertyPath: m_LocalRotation.z
      value: 0
      objectReference: {fileID: 0}
    - target: {fileID: 5159235513772391910, guid: a74a67e028d751645ad352bf5e906c94,
        type: 3}
      propertyPath: m_LocalRotation.w
      value: 1
      objectReference: {fileID: 0}
    - target: {fileID: 5159235513772391910, guid: a74a67e028d751645ad352bf5e906c94,
        type: 3}
      propertyPath: m_RootOrder
      value: 11
      objectReference: {fileID: 0}
    - target: {fileID: 5159235513772391910, guid: a74a67e028d751645ad352bf5e906c94,
        type: 3}
      propertyPath: m_LocalEulerAnglesHint.x
      value: 0
      objectReference: {fileID: 0}
    - target: {fileID: 5159235513772391910, guid: a74a67e028d751645ad352bf5e906c94,
        type: 3}
      propertyPath: m_LocalEulerAnglesHint.y
      value: 0
      objectReference: {fileID: 0}
    - target: {fileID: 5159235513772391910, guid: a74a67e028d751645ad352bf5e906c94,
        type: 3}
      propertyPath: m_LocalEulerAnglesHint.z
      value: 0
      objectReference: {fileID: 0}
    m_RemovedComponents: []
  m_SourcePrefab: {fileID: 100100000, guid: a74a67e028d751645ad352bf5e906c94, type: 3}
--- !u!1001 &1937452964
PrefabInstance:
  m_ObjectHideFlags: 0
  serializedVersion: 2
  m_Modification:
    m_TransformParent: {fileID: 0}
    m_Modifications:
    - target: {fileID: 5280471345569146259, guid: 1787e3e65ab05f741b6d0ff84f85f498,
        type: 3}
      propertyPath: m_Name
      value: TitleScreen
      objectReference: {fileID: 0}
    - target: {fileID: 5280471345569146259, guid: 1787e3e65ab05f741b6d0ff84f85f498,
        type: 3}
      propertyPath: m_IsActive
      value: 1
      objectReference: {fileID: 0}
    - target: {fileID: 6682987745497249125, guid: 1787e3e65ab05f741b6d0ff84f85f498,
        type: 3}
      propertyPath: m_LocalPosition.x
      value: 0
      objectReference: {fileID: 0}
    - target: {fileID: 6682987745497249125, guid: 1787e3e65ab05f741b6d0ff84f85f498,
        type: 3}
      propertyPath: m_LocalPosition.y
      value: 0
      objectReference: {fileID: 0}
    - target: {fileID: 6682987745497249125, guid: 1787e3e65ab05f741b6d0ff84f85f498,
        type: 3}
      propertyPath: m_LocalPosition.z
      value: 0
      objectReference: {fileID: 0}
    - target: {fileID: 6682987745497249125, guid: 1787e3e65ab05f741b6d0ff84f85f498,
        type: 3}
      propertyPath: m_LocalRotation.x
      value: 0
      objectReference: {fileID: 0}
    - target: {fileID: 6682987745497249125, guid: 1787e3e65ab05f741b6d0ff84f85f498,
        type: 3}
      propertyPath: m_LocalRotation.y
      value: 0
      objectReference: {fileID: 0}
    - target: {fileID: 6682987745497249125, guid: 1787e3e65ab05f741b6d0ff84f85f498,
        type: 3}
      propertyPath: m_LocalRotation.z
      value: 0
      objectReference: {fileID: 0}
    - target: {fileID: 6682987745497249125, guid: 1787e3e65ab05f741b6d0ff84f85f498,
        type: 3}
      propertyPath: m_LocalRotation.w
      value: 1
      objectReference: {fileID: 0}
    - target: {fileID: 6682987745497249125, guid: 1787e3e65ab05f741b6d0ff84f85f498,
        type: 3}
      propertyPath: m_RootOrder
      value: 9
      objectReference: {fileID: 0}
    - target: {fileID: 6682987745497249125, guid: 1787e3e65ab05f741b6d0ff84f85f498,
        type: 3}
      propertyPath: m_LocalEulerAnglesHint.x
      value: 0
      objectReference: {fileID: 0}
    - target: {fileID: 6682987745497249125, guid: 1787e3e65ab05f741b6d0ff84f85f498,
        type: 3}
      propertyPath: m_LocalEulerAnglesHint.y
      value: 0
      objectReference: {fileID: 0}
    - target: {fileID: 6682987745497249125, guid: 1787e3e65ab05f741b6d0ff84f85f498,
        type: 3}
      propertyPath: m_LocalEulerAnglesHint.z
      value: 0
      objectReference: {fileID: 0}
    - target: {fileID: 3883487914320036547, guid: 1787e3e65ab05f741b6d0ff84f85f498,
        type: 3}
      propertyPath: m_AnchorMin.y
      value: 0
      objectReference: {fileID: 0}
    - target: {fileID: 3883487914320036547, guid: 1787e3e65ab05f741b6d0ff84f85f498,
        type: 3}
      propertyPath: m_AnchorMax.y
      value: 0
      objectReference: {fileID: 0}
    - target: {fileID: 3883487914320036547, guid: 1787e3e65ab05f741b6d0ff84f85f498,
        type: 3}
      propertyPath: m_AnchoredPosition.x
      value: 0
      objectReference: {fileID: 0}
    - target: {fileID: 3883487914320036547, guid: 1787e3e65ab05f741b6d0ff84f85f498,
        type: 3}
      propertyPath: m_AnchoredPosition.y
      value: 0
      objectReference: {fileID: 0}
    - target: {fileID: 3883487913601010192, guid: 1787e3e65ab05f741b6d0ff84f85f498,
        type: 3}
      propertyPath: m_AnchorMin.y
      value: 0
      objectReference: {fileID: 0}
    - target: {fileID: 3883487913601010192, guid: 1787e3e65ab05f741b6d0ff84f85f498,
        type: 3}
      propertyPath: m_AnchorMax.y
      value: 0
      objectReference: {fileID: 0}
    - target: {fileID: 3883487913601010192, guid: 1787e3e65ab05f741b6d0ff84f85f498,
        type: 3}
      propertyPath: m_AnchoredPosition.x
      value: 0
      objectReference: {fileID: 0}
    - target: {fileID: 3883487913601010192, guid: 1787e3e65ab05f741b6d0ff84f85f498,
        type: 3}
      propertyPath: m_AnchoredPosition.y
      value: 0
      objectReference: {fileID: 0}
    - target: {fileID: 3883487914715524641, guid: 1787e3e65ab05f741b6d0ff84f85f498,
        type: 3}
      propertyPath: m_AnchorMin.y
      value: 0
      objectReference: {fileID: 0}
    - target: {fileID: 3883487914715524641, guid: 1787e3e65ab05f741b6d0ff84f85f498,
        type: 3}
      propertyPath: m_AnchorMax.y
      value: 0
      objectReference: {fileID: 0}
    - target: {fileID: 3883487914715524641, guid: 1787e3e65ab05f741b6d0ff84f85f498,
        type: 3}
      propertyPath: m_AnchoredPosition.x
      value: 0
      objectReference: {fileID: 0}
    - target: {fileID: 3883487914715524641, guid: 1787e3e65ab05f741b6d0ff84f85f498,
        type: 3}
      propertyPath: m_AnchoredPosition.y
      value: 0
      objectReference: {fileID: 0}
    - target: {fileID: 3883487914880410548, guid: 1787e3e65ab05f741b6d0ff84f85f498,
        type: 3}
      propertyPath: m_AnchorMin.y
      value: 0
      objectReference: {fileID: 0}
    - target: {fileID: 3883487914880410548, guid: 1787e3e65ab05f741b6d0ff84f85f498,
        type: 3}
      propertyPath: m_AnchorMax.y
      value: 0
      objectReference: {fileID: 0}
    - target: {fileID: 3883487914880410548, guid: 1787e3e65ab05f741b6d0ff84f85f498,
        type: 3}
      propertyPath: m_AnchoredPosition.x
      value: 0
      objectReference: {fileID: 0}
    - target: {fileID: 3883487914880410548, guid: 1787e3e65ab05f741b6d0ff84f85f498,
        type: 3}
      propertyPath: m_AnchoredPosition.y
      value: 0
      objectReference: {fileID: 0}
    m_RemovedComponents: []
  m_SourcePrefab: {fileID: 100100000, guid: 1787e3e65ab05f741b6d0ff84f85f498, type: 3}
--- !u!1001 &549375422713198580
PrefabInstance:
  m_ObjectHideFlags: 0
  serializedVersion: 2
  m_Modification:
    m_TransformParent: {fileID: 0}
    m_Modifications:
    - target: {fileID: 549375422789548940, guid: 8ebf8858583f41e4eafa7922a1a5c526,
        type: 3}
      propertyPath: m_Name
      value: NotificationCanvas
      objectReference: {fileID: 0}
    - target: {fileID: 549375422789548936, guid: 8ebf8858583f41e4eafa7922a1a5c526,
        type: 3}
      propertyPath: m_LocalPosition.x
      value: 0
      objectReference: {fileID: 0}
    - target: {fileID: 549375422789548936, guid: 8ebf8858583f41e4eafa7922a1a5c526,
        type: 3}
      propertyPath: m_LocalPosition.y
      value: 0
      objectReference: {fileID: 0}
    - target: {fileID: 549375422789548936, guid: 8ebf8858583f41e4eafa7922a1a5c526,
        type: 3}
      propertyPath: m_LocalPosition.z
      value: 0
      objectReference: {fileID: 0}
    - target: {fileID: 549375422789548936, guid: 8ebf8858583f41e4eafa7922a1a5c526,
        type: 3}
      propertyPath: m_LocalRotation.x
      value: 0
      objectReference: {fileID: 0}
    - target: {fileID: 549375422789548936, guid: 8ebf8858583f41e4eafa7922a1a5c526,
        type: 3}
      propertyPath: m_LocalRotation.y
      value: 0
      objectReference: {fileID: 0}
    - target: {fileID: 549375422789548936, guid: 8ebf8858583f41e4eafa7922a1a5c526,
        type: 3}
      propertyPath: m_LocalRotation.z
      value: 0
      objectReference: {fileID: 0}
    - target: {fileID: 549375422789548936, guid: 8ebf8858583f41e4eafa7922a1a5c526,
        type: 3}
      propertyPath: m_LocalRotation.w
      value: 1
      objectReference: {fileID: 0}
    - target: {fileID: 549375422789548936, guid: 8ebf8858583f41e4eafa7922a1a5c526,
        type: 3}
      propertyPath: m_RootOrder
      value: 7
      objectReference: {fileID: 0}
    - target: {fileID: 549375422789548936, guid: 8ebf8858583f41e4eafa7922a1a5c526,
        type: 3}
      propertyPath: m_LocalEulerAnglesHint.x
      value: 0
      objectReference: {fileID: 0}
    - target: {fileID: 549375422789548936, guid: 8ebf8858583f41e4eafa7922a1a5c526,
        type: 3}
      propertyPath: m_LocalEulerAnglesHint.y
      value: 0
      objectReference: {fileID: 0}
    - target: {fileID: 549375422789548936, guid: 8ebf8858583f41e4eafa7922a1a5c526,
        type: 3}
      propertyPath: m_LocalEulerAnglesHint.z
      value: 0
      objectReference: {fileID: 0}
    - target: {fileID: 549375422789548936, guid: 8ebf8858583f41e4eafa7922a1a5c526,
        type: 3}
      propertyPath: m_AnchoredPosition.x
      value: 0
      objectReference: {fileID: 0}
    - target: {fileID: 549375422789548936, guid: 8ebf8858583f41e4eafa7922a1a5c526,
        type: 3}
      propertyPath: m_AnchoredPosition.y
      value: 0
      objectReference: {fileID: 0}
    - target: {fileID: 549375422789548936, guid: 8ebf8858583f41e4eafa7922a1a5c526,
        type: 3}
      propertyPath: m_SizeDelta.x
      value: 0
      objectReference: {fileID: 0}
    - target: {fileID: 549375422789548936, guid: 8ebf8858583f41e4eafa7922a1a5c526,
        type: 3}
      propertyPath: m_SizeDelta.y
      value: 0
      objectReference: {fileID: 0}
    - target: {fileID: 549375422789548936, guid: 8ebf8858583f41e4eafa7922a1a5c526,
        type: 3}
      propertyPath: m_AnchorMin.x
      value: 0
      objectReference: {fileID: 0}
    - target: {fileID: 549375422789548936, guid: 8ebf8858583f41e4eafa7922a1a5c526,
        type: 3}
      propertyPath: m_AnchorMin.y
      value: 0
      objectReference: {fileID: 0}
    - target: {fileID: 549375422789548936, guid: 8ebf8858583f41e4eafa7922a1a5c526,
        type: 3}
      propertyPath: m_AnchorMax.x
      value: 0
      objectReference: {fileID: 0}
    - target: {fileID: 549375422789548936, guid: 8ebf8858583f41e4eafa7922a1a5c526,
        type: 3}
      propertyPath: m_AnchorMax.y
      value: 0
      objectReference: {fileID: 0}
    - target: {fileID: 549375422789548936, guid: 8ebf8858583f41e4eafa7922a1a5c526,
        type: 3}
      propertyPath: m_Pivot.x
      value: 0
      objectReference: {fileID: 0}
    - target: {fileID: 549375422789548936, guid: 8ebf8858583f41e4eafa7922a1a5c526,
        type: 3}
      propertyPath: m_Pivot.y
      value: 0
      objectReference: {fileID: 0}
    - target: {fileID: 549375421525985614, guid: 8ebf8858583f41e4eafa7922a1a5c526,
        type: 3}
      propertyPath: m_AnchoredPosition.y
      value: -23.299805
      objectReference: {fileID: 0}
    - target: {fileID: 549375422789548943, guid: 8ebf8858583f41e4eafa7922a1a5c526,
        type: 3}
      propertyPath: m_Camera
      value: 
      objectReference: {fileID: 9130714}
    m_RemovedComponents: []
  m_SourcePrefab: {fileID: 100100000, guid: 8ebf8858583f41e4eafa7922a1a5c526, type: 3}
--- !u!1001 &1319880577572440419
PrefabInstance:
  m_ObjectHideFlags: 0
  serializedVersion: 2
  m_Modification:
    m_TransformParent: {fileID: 0}
    m_Modifications:
    - target: {fileID: 1319880576138123664, guid: c78bcb0428524454fb10592932730fed,
        type: 3}
      propertyPath: m_Name
      value: PlayerInput
      objectReference: {fileID: 0}
    - target: {fileID: 1319880576138123670, guid: c78bcb0428524454fb10592932730fed,
        type: 3}
      propertyPath: m_LocalPosition.x
      value: 0
      objectReference: {fileID: 0}
    - target: {fileID: 1319880576138123670, guid: c78bcb0428524454fb10592932730fed,
        type: 3}
      propertyPath: m_LocalPosition.y
      value: 0
      objectReference: {fileID: 0}
    - target: {fileID: 1319880576138123670, guid: c78bcb0428524454fb10592932730fed,
        type: 3}
      propertyPath: m_LocalPosition.z
      value: 0
      objectReference: {fileID: 0}
    - target: {fileID: 1319880576138123670, guid: c78bcb0428524454fb10592932730fed,
        type: 3}
      propertyPath: m_LocalRotation.x
      value: 0
      objectReference: {fileID: 0}
    - target: {fileID: 1319880576138123670, guid: c78bcb0428524454fb10592932730fed,
        type: 3}
      propertyPath: m_LocalRotation.y
      value: 0
      objectReference: {fileID: 0}
    - target: {fileID: 1319880576138123670, guid: c78bcb0428524454fb10592932730fed,
        type: 3}
      propertyPath: m_LocalRotation.z
      value: 0
      objectReference: {fileID: 0}
    - target: {fileID: 1319880576138123670, guid: c78bcb0428524454fb10592932730fed,
        type: 3}
      propertyPath: m_LocalRotation.w
      value: 1
      objectReference: {fileID: 0}
    - target: {fileID: 1319880576138123670, guid: c78bcb0428524454fb10592932730fed,
        type: 3}
      propertyPath: m_RootOrder
      value: 1
      objectReference: {fileID: 0}
    - target: {fileID: 1319880576138123670, guid: c78bcb0428524454fb10592932730fed,
        type: 3}
      propertyPath: m_LocalEulerAnglesHint.x
      value: 0
      objectReference: {fileID: 0}
    - target: {fileID: 1319880576138123670, guid: c78bcb0428524454fb10592932730fed,
        type: 3}
      propertyPath: m_LocalEulerAnglesHint.y
      value: 0
      objectReference: {fileID: 0}
    - target: {fileID: 1319880576138123670, guid: c78bcb0428524454fb10592932730fed,
        type: 3}
      propertyPath: m_LocalEulerAnglesHint.z
      value: 0
      objectReference: {fileID: 0}
    m_RemovedComponents: []
  m_SourcePrefab: {fileID: 100100000, guid: c78bcb0428524454fb10592932730fed, type: 3}
--- !u!1001 &1462725765970034541
PrefabInstance:
  m_ObjectHideFlags: 0
  serializedVersion: 2
  m_Modification:
    m_TransformParent: {fileID: 0}
    m_Modifications:
    - target: {fileID: 1462725766052100261, guid: 800b3323db8a8ce4fb219aecf22ba119,
        type: 3}
      propertyPath: m_Name
      value: InteractWithItems
      objectReference: {fileID: 0}
    - target: {fileID: 1462725766052100262, guid: 800b3323db8a8ce4fb219aecf22ba119,
        type: 3}
      propertyPath: m_LocalPosition.x
      value: 0
      objectReference: {fileID: 0}
    - target: {fileID: 1462725766052100262, guid: 800b3323db8a8ce4fb219aecf22ba119,
        type: 3}
      propertyPath: m_LocalPosition.y
      value: 0
      objectReference: {fileID: 0}
    - target: {fileID: 1462725766052100262, guid: 800b3323db8a8ce4fb219aecf22ba119,
        type: 3}
      propertyPath: m_LocalPosition.z
      value: 0
      objectReference: {fileID: 0}
    - target: {fileID: 1462725766052100262, guid: 800b3323db8a8ce4fb219aecf22ba119,
        type: 3}
      propertyPath: m_LocalRotation.x
      value: 0
      objectReference: {fileID: 0}
    - target: {fileID: 1462725766052100262, guid: 800b3323db8a8ce4fb219aecf22ba119,
        type: 3}
      propertyPath: m_LocalRotation.y
      value: 0
      objectReference: {fileID: 0}
    - target: {fileID: 1462725766052100262, guid: 800b3323db8a8ce4fb219aecf22ba119,
        type: 3}
      propertyPath: m_LocalRotation.z
      value: 0
      objectReference: {fileID: 0}
    - target: {fileID: 1462725766052100262, guid: 800b3323db8a8ce4fb219aecf22ba119,
        type: 3}
      propertyPath: m_LocalRotation.w
      value: 1
      objectReference: {fileID: 0}
    - target: {fileID: 1462725766052100262, guid: 800b3323db8a8ce4fb219aecf22ba119,
        type: 3}
      propertyPath: m_RootOrder
      value: 2
      objectReference: {fileID: 0}
    - target: {fileID: 1462725766052100262, guid: 800b3323db8a8ce4fb219aecf22ba119,
        type: 3}
      propertyPath: m_LocalEulerAnglesHint.x
      value: 0
      objectReference: {fileID: 0}
    - target: {fileID: 1462725766052100262, guid: 800b3323db8a8ce4fb219aecf22ba119,
        type: 3}
      propertyPath: m_LocalEulerAnglesHint.y
      value: 0
      objectReference: {fileID: 0}
    - target: {fileID: 1462725766052100262, guid: 800b3323db8a8ce4fb219aecf22ba119,
        type: 3}
      propertyPath: m_LocalEulerAnglesHint.z
      value: 0
      objectReference: {fileID: 0}
    - target: {fileID: 1462725766052100263, guid: 800b3323db8a8ce4fb219aecf22ba119,
        type: 3}
      propertyPath: timerText
      value: 
      objectReference: {fileID: 0}
    - target: {fileID: 1462725766052100263, guid: 800b3323db8a8ce4fb219aecf22ba119,
        type: 3}
      propertyPath: reticle
      value: 
      objectReference: {fileID: 79859041}
    m_RemovedComponents: []
  m_SourcePrefab: {fileID: 100100000, guid: 800b3323db8a8ce4fb219aecf22ba119, type: 3}
--- !u!1001 &2311167700246269871
PrefabInstance:
  m_ObjectHideFlags: 0
  serializedVersion: 2
  m_Modification:
    m_TransformParent: {fileID: 0}
    m_Modifications:
    - target: {fileID: 2311167701160828503, guid: 8924f59256ba61247924ffaf47015651,
        type: 3}
      propertyPath: m_Name
      value: EventSystem
      objectReference: {fileID: 0}
    - target: {fileID: 2311167701160828500, guid: 8924f59256ba61247924ffaf47015651,
        type: 3}
      propertyPath: m_LocalPosition.x
      value: 0
      objectReference: {fileID: 0}
    - target: {fileID: 2311167701160828500, guid: 8924f59256ba61247924ffaf47015651,
        type: 3}
      propertyPath: m_LocalPosition.y
      value: 0
      objectReference: {fileID: 0}
    - target: {fileID: 2311167701160828500, guid: 8924f59256ba61247924ffaf47015651,
        type: 3}
      propertyPath: m_LocalPosition.z
      value: 0
      objectReference: {fileID: 0}
    - target: {fileID: 2311167701160828500, guid: 8924f59256ba61247924ffaf47015651,
        type: 3}
      propertyPath: m_LocalRotation.x
      value: 0
      objectReference: {fileID: 0}
    - target: {fileID: 2311167701160828500, guid: 8924f59256ba61247924ffaf47015651,
        type: 3}
      propertyPath: m_LocalRotation.y
      value: 0
      objectReference: {fileID: 0}
    - target: {fileID: 2311167701160828500, guid: 8924f59256ba61247924ffaf47015651,
        type: 3}
      propertyPath: m_LocalRotation.z
      value: 0
      objectReference: {fileID: 0}
    - target: {fileID: 2311167701160828500, guid: 8924f59256ba61247924ffaf47015651,
        type: 3}
      propertyPath: m_LocalRotation.w
      value: 1
      objectReference: {fileID: 0}
    - target: {fileID: 2311167701160828500, guid: 8924f59256ba61247924ffaf47015651,
        type: 3}
      propertyPath: m_RootOrder
      value: 0
      objectReference: {fileID: 0}
    - target: {fileID: 2311167701160828500, guid: 8924f59256ba61247924ffaf47015651,
        type: 3}
      propertyPath: m_LocalEulerAnglesHint.x
      value: 0
      objectReference: {fileID: 0}
    - target: {fileID: 2311167701160828500, guid: 8924f59256ba61247924ffaf47015651,
        type: 3}
      propertyPath: m_LocalEulerAnglesHint.y
      value: 0
      objectReference: {fileID: 0}
    - target: {fileID: 2311167701160828500, guid: 8924f59256ba61247924ffaf47015651,
        type: 3}
      propertyPath: m_LocalEulerAnglesHint.z
      value: 0
      objectReference: {fileID: 0}
    m_RemovedComponents: []
  m_SourcePrefab: {fileID: 100100000, guid: 8924f59256ba61247924ffaf47015651, type: 3}
--- !u!1001 &2366107046543299405
PrefabInstance:
  m_ObjectHideFlags: 0
  serializedVersion: 2
  m_Modification:
    m_TransformParent: {fileID: 0}
    m_Modifications:
    - target: {fileID: 7049570414642479403, guid: 12358bc0348868148b8996d4a788de39,
        type: 3}
      propertyPath: m_Name
      value: WorldManager
      objectReference: {fileID: 0}
    - target: {fileID: 7049570414642479405, guid: 12358bc0348868148b8996d4a788de39,
        type: 3}
      propertyPath: m_LocalPosition.x
      value: 0
      objectReference: {fileID: 0}
    - target: {fileID: 7049570414642479405, guid: 12358bc0348868148b8996d4a788de39,
        type: 3}
      propertyPath: m_LocalPosition.y
      value: 0
      objectReference: {fileID: 0}
    - target: {fileID: 7049570414642479405, guid: 12358bc0348868148b8996d4a788de39,
        type: 3}
      propertyPath: m_LocalPosition.z
      value: 0
      objectReference: {fileID: 0}
    - target: {fileID: 7049570414642479405, guid: 12358bc0348868148b8996d4a788de39,
        type: 3}
      propertyPath: m_LocalRotation.x
      value: 0
      objectReference: {fileID: 0}
    - target: {fileID: 7049570414642479405, guid: 12358bc0348868148b8996d4a788de39,
        type: 3}
      propertyPath: m_LocalRotation.y
      value: 0
      objectReference: {fileID: 0}
    - target: {fileID: 7049570414642479405, guid: 12358bc0348868148b8996d4a788de39,
        type: 3}
      propertyPath: m_LocalRotation.z
      value: 0
      objectReference: {fileID: 0}
    - target: {fileID: 7049570414642479405, guid: 12358bc0348868148b8996d4a788de39,
        type: 3}
      propertyPath: m_LocalRotation.w
      value: 1
      objectReference: {fileID: 0}
    - target: {fileID: 7049570414642479405, guid: 12358bc0348868148b8996d4a788de39,
        type: 3}
      propertyPath: m_RootOrder
      value: 6
      objectReference: {fileID: 0}
    - target: {fileID: 7049570414642479405, guid: 12358bc0348868148b8996d4a788de39,
        type: 3}
      propertyPath: m_LocalEulerAnglesHint.x
      value: 0
      objectReference: {fileID: 0}
    - target: {fileID: 7049570414642479405, guid: 12358bc0348868148b8996d4a788de39,
        type: 3}
      propertyPath: m_LocalEulerAnglesHint.y
      value: 0
      objectReference: {fileID: 0}
    - target: {fileID: 7049570414642479405, guid: 12358bc0348868148b8996d4a788de39,
        type: 3}
      propertyPath: m_LocalEulerAnglesHint.z
      value: 0
      objectReference: {fileID: 0}
    - target: {fileID: 7049570414642479404, guid: 12358bc0348868148b8996d4a788de39,
        type: 3}
      propertyPath: debug
      value: 
      objectReference: {fileID: 0}
    - target: {fileID: 7049570414642479404, guid: 12358bc0348868148b8996d4a788de39,
        type: 3}
      propertyPath: LookReticle
      value: 
      objectReference: {fileID: 280763501}
    - target: {fileID: 7049570414642479404, guid: 12358bc0348868148b8996d4a788de39,
        type: 3}
      propertyPath: debug1
      value: 
      objectReference: {fileID: 0}
    - target: {fileID: 7049570414642479404, guid: 12358bc0348868148b8996d4a788de39,
        type: 3}
      propertyPath: debug2
      value: 
      objectReference: {fileID: 0}
    - target: {fileID: 7049570414642479404, guid: 12358bc0348868148b8996d4a788de39,
        type: 3}
      propertyPath: debug3
      value: 
      objectReference: {fileID: 0}
    - target: {fileID: 7049570414642479404, guid: 12358bc0348868148b8996d4a788de39,
        type: 3}
      propertyPath: debug4
      value: 
      objectReference: {fileID: 0}
    m_RemovedComponents: []
  m_SourcePrefab: {fileID: 100100000, guid: 12358bc0348868148b8996d4a788de39, type: 3}
--- !u!1001 &3266214729779007909
PrefabInstance:
  m_ObjectHideFlags: 0
  serializedVersion: 2
  m_Modification:
    m_TransformParent: {fileID: 0}
    m_Modifications:
    - target: {fileID: 3266214730193152348, guid: 85ff9d7f26af2524f955358def0833c3,
        type: 3}
      propertyPath: m_Name
      value: StickerBook
      objectReference: {fileID: 0}
    - target: {fileID: 3266214730193152345, guid: 85ff9d7f26af2524f955358def0833c3,
        type: 3}
      propertyPath: m_LocalPosition.x
      value: 0
      objectReference: {fileID: 0}
    - target: {fileID: 3266214730193152345, guid: 85ff9d7f26af2524f955358def0833c3,
        type: 3}
      propertyPath: m_LocalPosition.y
      value: 0
      objectReference: {fileID: 0}
    - target: {fileID: 3266214730193152345, guid: 85ff9d7f26af2524f955358def0833c3,
        type: 3}
      propertyPath: m_LocalPosition.z
      value: 0
      objectReference: {fileID: 0}
    - target: {fileID: 3266214730193152345, guid: 85ff9d7f26af2524f955358def0833c3,
        type: 3}
      propertyPath: m_LocalRotation.x
      value: 0
      objectReference: {fileID: 0}
    - target: {fileID: 3266214730193152345, guid: 85ff9d7f26af2524f955358def0833c3,
        type: 3}
      propertyPath: m_LocalRotation.y
      value: 0
      objectReference: {fileID: 0}
    - target: {fileID: 3266214730193152345, guid: 85ff9d7f26af2524f955358def0833c3,
        type: 3}
      propertyPath: m_LocalRotation.z
      value: 0
      objectReference: {fileID: 0}
    - target: {fileID: 3266214730193152345, guid: 85ff9d7f26af2524f955358def0833c3,
        type: 3}
      propertyPath: m_LocalRotation.w
      value: 1
      objectReference: {fileID: 0}
    - target: {fileID: 3266214730193152345, guid: 85ff9d7f26af2524f955358def0833c3,
        type: 3}
      propertyPath: m_RootOrder
      value: 4
      objectReference: {fileID: 0}
    - target: {fileID: 3266214730193152345, guid: 85ff9d7f26af2524f955358def0833c3,
        type: 3}
      propertyPath: m_LocalEulerAnglesHint.x
      value: 0
      objectReference: {fileID: 0}
    - target: {fileID: 3266214730193152345, guid: 85ff9d7f26af2524f955358def0833c3,
        type: 3}
      propertyPath: m_LocalEulerAnglesHint.y
      value: 0
      objectReference: {fileID: 0}
    - target: {fileID: 3266214730193152345, guid: 85ff9d7f26af2524f955358def0833c3,
        type: 3}
      propertyPath: m_LocalEulerAnglesHint.z
      value: 0
      objectReference: {fileID: 0}
    - target: {fileID: 3266214730074663221, guid: 85ff9d7f26af2524f955358def0833c3,
        type: 3}
      propertyPath: notificationFlyGoal
      value: 
      objectReference: {fileID: 1092431854}
    - target: {fileID: 3266214730074663221, guid: 85ff9d7f26af2524f955358def0833c3,
        type: 3}
      propertyPath: screenSpaceNotificationCanvas
      value: 
      objectReference: {fileID: 211094652}
    - target: {fileID: 3266214730074663221, guid: 85ff9d7f26af2524f955358def0833c3,
        type: 3}
      propertyPath: notificationScreenSpaceFlyGoal
      value: 
      objectReference: {fileID: 1195736762}
    m_RemovedComponents: []
  m_SourcePrefab: {fileID: 100100000, guid: 85ff9d7f26af2524f955358def0833c3, type: 3}
